%% This BibTeX bibliography file was created using BibDesk.
%% http://bibdesk.sourceforge.net/

@article{Khachatryan:2014wca,
      author         = "Khachatryan, Vardan and others",
      title          = "{Search for neutral MSSM Higgs bosons decaying to a pair
                        of tau leptons in pp collisions}",
      collaboration  = "CMS",
      journal        = "JHEP",
      volume         = "10",
      year           = "2014",
      pages          = "160",
      doi            = "10.1007/JHEP10(2014)160",
      eprint         = "1408.3316",
      archivePrefix  = "arXiv",
      primaryClass   = "hep-ex",
      reportNumber   = "CMS-HIG-13-021, CERN-PH-EP-2014-192",
      SLACcitation   = "%%CITATION = ARXIV:1408.3316;%%"
}

@article{Ball:2011uy,
      author         = "Ball, Richard D. and Bertone, Valerio and Cerutti, Francesco and Del Debbio, Luigi and Forte, Stefano
                        and Guffanti, Alberto and Latorre, Jos{\'e} I. and Rojo, Juan and Ubiali, Maria",
  title = "Unbiased global determination of parton distributions and their uncertainties at {NNLO} and at {LO}",
  journal = "Nucl. Phys. B ",
  volume = "855",
  pages = "153",
  year = "2012",
  doi = "10.1016/j.nuclphysb.2011.09.024",
  eprint = "1107.2652",
  archivePrefix  = "arXiv",
  primaryClass   = "hep-ph"
}

@article{Luisoni:2013kna,
      author         = "Luisoni, Gionata and Nason, Paolo and Oleari, Carlo and
                        Tramontano, Francesco",
      title          = "{$HW^{\pm}/HZ + 0$ and 1 jet at NLO with the POWHEG BOX
                        interfaced to GoSam and their merging within MiNLO}",
      journal        = "JHEP",
      volume         = "10",
      year           = "2013",
      pages          = "083",
      doi            = "10.1007/JHEP10(2013)083",
      eprint         = "1306.2542",
      archivePrefix  = "arXiv",
      primaryClass   = "hep-ph",
      SLACcitation   = "%%CITATION = ARXIV:1306.2542;%%"
}

@article{CMS:2011aa,
      author         = "Chatrchyan, Serguei and others",
      title          = "{Measurement of the Inclusive $W$ and $Z$ Production
                        Cross Sections in $pp$ Collisions at $\sqrt{s}=7$ TeV}",
      collaboration  = "CMS",
      journal        = "JHEP",
      volume         = "10",
      year           = "2011",
      pages          = "132",
      doi            = "10.1007/JHEP10(2011)132",
      eprint         = "1107.4789",
      archivePrefix  = "arXiv",
      primaryClass   = "hep-ex",
      reportNumber   = "CERN-PH-EP-2011-107, CMS-EWK-10-005",
      SLACcitation   = "%%CITATION = ARXIV:1107.4789;%%"
}

@unpublished{Sirunyan:2017exp,
      author         = "{CMS Collaboration}",
      title          = "Measurements of properties of the {Higgs} boson decaying
                        into the four-lepton final state in pp collisions at
                        {$\sqrt{s} = 13\TeV$}",
      collaboration  = "CMS",
      year           = "2017",
      note= "{Submitted to JHEP}",
      eprint         = "1706.09936",
      archivePrefix  = "arXiv",
      primaryClass   = "hep-ex",
      reportNumber   = "CMS-HIG-16-041, CERN-EP-2017-123",
      SLACcitation   = "%%CITATION = ARXIV:1706.09936;%%"
}

@article{Sjostrand:2014zea,
      author         = "Sjostrand, Torbjorn and Ask, Stefan and Christiansen,
                        Jesper R. and Corke, Richard and Desai, Nishita and Ilten,
                        Philip and Mrenna, Stephen and Prestel, Stefan and
                        Rasmussen, Christine O. and Skands, Peter Z.",
      title          = "An introduction to {PYTHIA 8.2}",
      journal        = "Comput. Phys. Commun.",
      volume         = "191",
      year           = "2015",
      pages          = "159",
      doi            = "10.1016/j.cpc.2015.01.024",
      eprint         = "1410.3012",
      archivePrefix  = "arXiv",
      primaryClass   = "hep-ph",
      reportNumber   = "LU-TP-14-36, MCNET-14-22, CERN-PH-TH-2014-190,
                        FERMILAB-PUB-14-316-CD, DESY-14-178, SLAC-PUB-16122",
      SLACcitation   = "%%CITATION = ARXIV:1410.3012;%%"
}

@article{Alwall:2014hca,
      author         = "Alwall, J. and Frederix, R. and Frixione, S. and Hirschi,
                        V. and Maltoni, F. and Mattelaer, O. and Shao, H. -S. and
                        Stelzer, T. and Torrielli, P. and Zaro, M.",
      title          = "{The automated computation of tree-level and
                        next-to-leading order differential cross sections, and
                        their matching to parton shower simulations}",
      journal        = "JHEP",
      volume         = "07",
      year           = "2014",
      pages          = "079",
      doi            = "10.1007/JHEP07(2014)079",
      eprint         = "1405.0301",
      archivePrefix  = "arXiv",
      primaryClass   = "hep-ph",
      reportNumber   = "CERN-PH-TH-2014-064, CP3-14-18, LPN14-066, MCNET-14-09,
                        ZU-TH-14-14",
      SLACcitation   = "%%CITATION = ARXIV:1405.0301;%%"
}

@article{Frederix:2012ps,
      author         = "Frederix, Rikkert and Frixione, Stefano",
      title          = "{Merging meets matching in MC@NLO}",
      journal        = "JHEP",
      volume         = "12",
      year           = "2012",
      pages          = "061",
      doi            = "10.1007/JHEP12(2012)061",
      eprint         = "1209.6215",
      archivePrefix  = "arXiv",
      primaryClass   = "hep-ph",
      reportNumber   = "CERN-PH-TH-2012-247, ZU-TH-21-12",
      SLACcitation   = "%%CITATION = ARXIV:1209.6215;%%"
}

@article{Alwall:2007fs,
      author         = "Alwall, J. and H{\"o}che, S. and Krauss, F. and
                        Lavesson, N. and L{\"o}nnblad, L. and Maltoni, F. and
                        Mangano, M. L. and Moretti, M. and Papadopoulos, C. G. and
                        Piccinini, F. and Schumann, S. and Treccani, M. and
                        Winter, J. and Worek, M.",
      title          = "Comparative study of various algorithms for the merging
                        of parton showers and matrix elements in hadronic
                        collisions",
      journal        = "Eur. Phys. J. C",
      volume         = "53",
      pages          = "473",
      doi            = "10.1140/epjc/s10052-007-0490-5",
      year           = "2008",
      eprint         = "0706.2569",
      archivePrefix  = "arXiv",
      primaryClass   = "hep-ph",
      reportNumber   = "SLAC-PUB-12604, CERN-PH-TH-2007-066, LU-TP-07-13,
                        KA-TP-06-2007, DCPT-07-62, IPPP-07-31",
      SLACcitation   = "%%CITATION = ARXIV:0706.2569;%%",
}

@unpublished{Bellm:2013hwb,
      author         = "J. Bellm and S. Gieseke and D. Grellscheid and A. Papaefstathiou and S. Pl{\"a}tzer and P. Richardson and C. R{\"o}hr and T. Schuh and M. H. Seymour and A. Si{\'o}dmok and A. Wilcock and B. Zimmermann",
      title          = "{Herwig++} 2.7 Release Note",
      year           = "2013",
      eprint         = "1310.6877",
      archivePrefix  = "arXiv",
      primaryClass   = "hep-ph",
      reportNumber   = "IPPP-13-88, MCNET-13-15, DCPT-13-176, DESY-13-186,
                        KA-TP-31-2013, --ZU-TH-23-13",
      SLACcitation   = "%%CITATION = ARXIV:1310.6877;%%"
}

@article{Butterworth:2015oua,
      author         = "Butterworth, Jon and others",
      title          = "{PDF4LHC recommendations for LHC Run II}",
      journal        = "J. Phys. G",
      volume         = "43",
      year           = "2016",
      pages          = "023001",
      doi            = "10.1088/0954-3899/43/2/023001",
      eprint         = "1510.03865",
      archivePrefix  = "arXiv",
      primaryClass   = "hep-ph",
      reportNumber   = "OUTP-15-17P, SMU-HEP-15-12, TIF-UNIMI-2015-14,
                        LCTS-2015-27, CERN-PH-TH-2015-249",
      SLACcitation   = "%%CITATION = ARXIV:1510.03865;%%"
}

@article{Khachatryan:2016mnb,
      author         = "Khachatryan, Vardan and others",
      title          = "{Measurement of differential cross sections for top quark
                        pair production using the lepton+jets final state in
                        proton-proton collisions at 13 TeV}",
      collaboration  = "CMS",
      journal        = "Phys. Rev. D",
      volume         = "95",
      year           = "2017",
      pages          = "092001",
      doi            = "10.1103/PhysRevD.95.092001",
      eprint         = "1610.04191",
      archivePrefix  = "arXiv",
      primaryClass   = "hep-ex",
      reportNumber   = "CMS-TOP-16-008, CERN-EP-2016-227",
      SLACcitation   = "%%CITATION = ARXIV:1610.04191;%%"
}

@unpublished{Sirunyan:2016cdg,
      author         = "Sirunyan, Albert M and others",
      title          = "Cross section measurement of $t$-channel single top quark
                        production in pp collisions at {$\sqrt{s} = $ 13 TeV}",
      collaboration  = "CMS",
      note        = "In proofs,  {Phys. Lett. B}",
      doi           = "10.1016/j.physletb.2017.07.047",
      year           = "2016",
      eprint         = "1610.00678",
      archivePrefix  = "arXiv",
      primaryClass   = "hep-ex",
      reportNumber   = "CMS-TOP-16-003, CERN-EP-2016-233",
      SLACcitation   = "%%CITATION = ARXIV:1610.00678;%%"
}

@techreport{CMS-PAS-SMP-16-006,
      title         = "{Measurement of the WW cross section pp collisions at
                       $\sqrt{s}=13$ TeV}",
      institution   = "CERN",
      collaboration = "CMS",
      number        = "CMS-PAS-SMP-16-006",
      year          = "2016",
      reportNumber  = "CMS-PAS-SMP-16-006",
      url           = "https://cds.cern.ch/record/2160868",
      type        = "CMS Physics Analysis Summary",
}

@unpublished{Sirunyan:2017ulk,
      author         = "{CMS Collaboration}",
      title          = "Particle-flow reconstruction and global event
                        description with the {CMS} detector",
      collaboration  = "CMS",
      year           = "2017",
      eprint         = "1706.04965",
      archivePrefix  = "arXiv",
      primaryClass   = "physics.ins-det",
      note           = "Submitted to J. Instrum.",
      reportNumber   = "CMS-PRF-14-001, CERN-EP-2017-110",
      SLACcitation   = "%%CITATION = ARXIV:1706.04965;%%"
}

@article{Khachatryan:2016tgp,
      author         = "Khachatryan, Vardan and others",
      title          = "{Measurement of the WZ production cross section in pp
                        collisions at $\sqrt{s} =$ 13 TeV}",
      collaboration  = "CMS",
      journal        = "Phys. Lett. B",
      volume         = "766",
      year           = "2017",
      pages          = "268",
      doi            = "10.1016/j.physletb.2017.01.011",
      eprint         = "1607.06943",
      archivePrefix  = "arXiv",
      primaryClass   = "hep-ex",
      reportNumber   = "CMS-SMP-16-002, CERN-EP-2016-169",
      SLACcitation   = "%%CITATION = ARXIV:1607.06943;%%"
}

@article{Khachatryan:2015hwa,
      author         = "Khachatryan, Vardan and others",
      title          = "{Performance of electron reconstruction and selection
                        with the CMS detector in proton-proton collisions at
                        $\sqrt{s} = 8$  TeV}",
      collaboration  = "CMS",
      journal        = "JINST",
      volume         = "10",
      year           = "2015",
      pages          = "P06005",
      doi            = "10.1088/1748-0221/10/06/P06005",
      eprint         = "1502.02701",
      archivePrefix  = "arXiv",
      primaryClass   = "physics.ins-det",
      reportNumber   = "CMS-EGM-13-001, CERN-PH-EP-2015-004",
      SLACcitation   = "%%CITATION = ARXIV:1502.02701;%%"
}

@techreport{deFlorian:2016spz,
      author = "D. de Florian and others",
      editor         = "de Florian, D. and C. Grojean and F. Maltoni and C. Mariotti and A. Nikitenko and M. Pieri and P. Savard and M. Schumacher and R. Tanaka",
      title          = "Handbook of {LHC} {H}iggs cross sections: 4. Deciphering the
                        nature of the {H}iggs sector",
      doi = "10.23731/CYRM-2017-002",
      year           = "2016",
      eprint         = "1610.07922",
      archivePrefix  = "arXiv",
      primaryClass   = "hep-ph",
      TYPE        = "CERN Report",
      NUMBER      = "CERN-2017-002-M",
      reportNumber   = " CERN-2017-002-M",
      SLACcitation   = "%%CITATION = ARXIV:1610.07922;%%"
}


@techreport{CMS-PAS-LUM-17-001,
     author    = "{CMS Collaboration}",
      title         = "{CMS} Luminosity Measurements for the 2016 Data Taking
                       Period",
      collaboration = "CMS",
      number        = "CMS-PAS-LUM-17-001",
      year          = "2017",
      reportNumber  = "CMS-PAS-LUM-17-001",
      url           = "https://cds.cern.ch/record/2257069",
      type        = "CMS Physics Analysis Summary",
}

@article{Glashow:1961tr,
      author         = "Glashow, S. L.",
      title          = "{Partial-symmetries of weak interactions}",
      journal        = "Nucl. Phys.",
      volume         = "22",
      year           = "1961",
      pages          = "579",
      doi            = "10.1016/0029-5582(61)90469-2",
      SLACcitation   = "%%CITATION = NUPHA,22,579;%%"
}

@article{Stewart:2011cf,
      author         = "Stewart, Iain W. and Tackmann, Frank J.",
      title          = "{Theory uncertainties for Higgs and other searches using
                        jet bins}",
      journal        = "Phys. Rev. D",
      volume         = "85",
      year           = "2012",
      pages          = "034011",
      doi            = "10.1103/PhysRevD.85.034011",
      eprint         = "1107.2117",
      archivePrefix  = "arXiv",
      primaryClass   = "hep-ph",
      SLACcitation   = "%%CITATION = ARXIV:1107.2117;%%"
}

@ARTICLE{deFlorian:2012mx,
        VOLUME= "06",
        ARCHIVEPREFIX=  "arXiv",
        EPRINT= "1203.6321",
        REPORTNUMBER=   "ZU-TH-04-12, IFUM-993-FT",
        JOURNAL=        "JHEP",
        DOI=    "10.1007/JHEP06(2012)132",
        YEAR=   "2012",
        SLACCITATION=   "%%CITATION = ARXIV:1203.6321;%%",
        AUTHOR= "de Florian, D. and Ferrera, G. and Grazzini, M. and Tommasini, D.",
        PAGES=  "132",
        PRIMARYCLASS=   "hep-ph",
        TITLE=  "{Higgs boson production at the LHC: transverse momentum resummation effects in the $\mathrm{H}\rightarrow \gamma\gamma$, $\mathrm{H}\rightarrow WW \rightarrow l\nu l\nu$ and $\mathrm{H}\rightarrow ZZ\rightarrow 4l$ decay modes}",
}

@ARTICLE{Grazzini:2013mca,
        VOLUME= "09",
        ARCHIVEPREFIX=  "arXiv",
        EPRINT= "1306.4581",
        REPORTNUMBER=   "ZU-TH-10-13",
        JOURNAL=        "JHEP",
        DOI=    "10.1007/JHEP09(2013)129",
        YEAR=   "2013",
        SLACCITATION=   "%%CITATION = ARXIV:1306.4581;%%",
        AUTHOR= "Grazzini, Massimiliano and Sargsyan, Hayk",
        PAGES=  "129",
        PRIMARYCLASS=   "hep-ph",
        TITLE=  "{Heavy-quark mass effects in Higgs boson production at the LHC}",
}

@article{Khachatryan:2015pea,
      author         = "Khachatryan, Vardan and others",
      title          = "{Event generator tunes obtained from underlying event and
                        multiparton scattering measurements}",
      collaboration  = "CMS",
      journal        = "Eur. Phys. J. C",
      volume         = "76",
      year           = "2016",
      pages          = "155",
      doi            = "10.1140/epjc/s10052-016-3988-x",
      eprint         = "1512.00815",
      archivePrefix  = "arXiv",
      primaryClass   = "hep-ex",
      reportNumber   = "CMS-GEN-14-001, CERN-PH-EP-2015-291",
      SLACcitation   = "%%CITATION = ARXIV:1512.00815;%%"
}

@article{Bianchini:2014vza,
      author         = "Bianchini, Lorenzo and Conway, John and Friis, Evan Klose
                        and Veelken, Christian",
      title          = "{Reconstruction of the Higgs mass in $H \to \tau\tau$
                        Events by Dynamical Likelihood techniques}",
      booktitle      = "{Proceedings, 20th International Conference on Computing
                        in High Energy and Nuclear Physics (CHEP 2013): Amsterdam,
                        The Netherlands, October 14-18, 2013}",
      journal        = "J. Phys. Conf. Ser.",
      volume         = "513",
      year           = "2014",
      pages          = "022035",
      doi            = "10.1088/1742-6596/513/2/022035",
      SLACcitation   = "%%CITATION = 00462,513,022035;%%"
}

@article{Khachatryan:2015dfa,
      author         = "Khachatryan, Vardan and others",
      title          = "{Reconstruction and identification of $\tau$ lepton decays to hadrons and $\nu_\tau$ at CMS}",
      collaboration  = "CMS",
      journal        = "JINST",
      volume         = "11",
      year           = "2016",
      pages          = "P01019",
      doi            = "10.1088/1748-0221/11/01/P01019",
      eprint         = "1510.07488",
      archivePrefix  = "arXiv",
      primaryClass   = "physics.ins-det",
      reportNumber   = "CMS-TAU-14-001, CERN-PH-EP-2015-261",
      SLACcitation   = "%%CITATION = ARXIV:1510.07488;%%"
}

@techreport{CMS-PAS-TAU-16-002,
      author  = "{CMS Collaboration}",
      title         = "{Performance of reconstruction and identification of tau
                       leptons in their decays to hadrons and tau neutrino in LHC
                       Run-2}",
      collaboration = "CMS",
      number        = "CMS-PAS-TAU-16-002",
      year          = "2016",
      url           = "https://cds.cern.ch/record/2196972",
      type        = "CMS Physics Analysis Summary"
}

@article{Chatrchyan:2008zzk,
  author    = "Chatrchyan, S. and others",
  collaboration = "CMS",
  title     = "The {CMS} experiment at the {CERN} {LHC}",
  journal   = "JINST",
  volume    = "3",
  year      = "2008",
  pages     = "S08004",
  doi       = "10.1088/1748-0221/3/08/S08004"
}

@article{Khachatryan:2016bia,
      author         = "Khachatryan, Vardan and others",
      title          = "{The CMS trigger system}",
      collaboration  = "CMS",
      journal        = "JINST",
      volume         = "12",
      year           = "2017",
      pages          = "P01020",
      doi            = "10.1088/1748-0221/12/01/P01020",
      eprint         = "1609.02366",
      archivePrefix  = "arXiv",
      primaryClass   = "physics.ins-det",
      reportNumber   = "CMS-TRG-12-001, CERN-EP-2016-160",
      SLACcitation   = "%%CITATION = ARXIV:1609.02366;%%"
}

@article{Aad:2012tfa,
      author         = "Aad, Georges and others",
      title          = "{Observation of a new particle in the search for the
                        Standard Model Higgs boson with the ATLAS detector at the
                        LHC}",
      collaboration  = "ATLAS",
      journal        = "Phys. Lett. B",
      volume         = "716",
      year           = "2012",
      pages          = "1",
      doi            = "10.1016/j.physletb.2012.08.020",
      eprint         = "1207.7214",
      archivePrefix  = "arXiv",
      primaryClass   = "hep-ex",
      reportNumber   = "CERN-PH-EP-2012-218",
      SLACcitation   = "%%CITATION = ARXIV:1207.7214;%%"
}


@article{Chatrchyan:2012xdj,
      author         = "Chatrchyan, Serguei and others",
      title          = "{Observation of a new boson at a mass of 125 GeV with the
                        CMS experiment at the LHC}",
      collaboration  = "CMS",
      journal        = "Phys. Lett. B",
      volume         = "716",
      year           = "2012",
      pages          = "30",
      doi            = "10.1016/j.physletb.2012.08.021",
      eprint         = "1207.7235",
      archivePrefix  = "arXiv",
      primaryClass   = "hep-ex",
      reportNumber   = "CMS-HIG-12-028, CERN-PH-EP-2012-220",
      SLACcitation   = "%%CITATION = ARXIV:1207.7235;%%"
}


@article{Chatrchyan:2013lba,
      author         = "Chatrchyan, Serguei and others",
      title          = "{Observation of a new boson with mass near 125 GeV in pp
                        collisions at $\sqrt{s}$ = 7 and 8 TeV}",
      collaboration  = "CMS",
      journal        = "JHEP",
      volume         = "06",
      year           = "2013",
      pages          = "081",
      doi            = "10.1007/JHEP06(2013)081",
      eprint         = "1303.4571",
      archivePrefix  = "arXiv",
      primaryClass   = "hep-ex",
      reportNumber   = "CMS-HIG-12-036, CERN-PH-EP-2013-035",
      SLACcitation   = "%%CITATION = ARXIV:1303.4571;%%"
}


@article{Aad:2015gba,
      author         = "Aad, Georges and others",
      title          = "{Measurements of the Higgs boson production and decay
                        rates and coupling strengths using pp collision data at
                        $\sqrt{s}=7$ and 8 TeV in the ATLAS experiment}",
      collaboration  = "ATLAS",
      journal        = "Eur. Phys. J. C",
      volume         = "76",
      year           = "2016",
      pages          = "6",
      doi            = "10.1140/epjc/s10052-015-3769-y",
      eprint         = "1507.04548",
      archivePrefix  = "arXiv",
      primaryClass   = "hep-ex",
      reportNumber   = "CERN-PH-EP-2015-125",
      SLACcitation   = "%%CITATION = ARXIV:1507.04548;%%"
}

@article{Khachatryan:2014jba,
      author         = "Khachatryan, Vardan and others",
      title          = "{Precise determination of the mass of the Higgs boson and
                        tests of compatibility of its couplings with the standard
                        model predictions using proton collisions at 7 and 8
                        $\,\text {TeV}$}",
      collaboration  = "CMS",
      journal        = "Eur. Phys. J. C",
      volume         = "75",
      year           = "2015",
      pages          = "212",
      doi            = "10.1140/epjc/s10052-015-3351-7",
      eprint         = "1412.8662",
      archivePrefix  = "arXiv",
      primaryClass   = "hep-ex",
      reportNumber   = "CMS-HIG-14-009, CERN-PH-EP-2014-288",
      SLACcitation   = "%%CITATION = ARXIV:1412.8662;%%"
}


@article{Chatrchyan:2012jja,
      author         = "Chatrchyan, Serguei and others",
      title          = "Study of the Mass and Spin-Parity of the {H}iggs Boson
                        Candidate Via Its Decays to {Z} Boson Pairs",
      collaboration  = "CMS",
      journal        = "Phys. Rev. Lett.",
      volume         = "110",
      year           = "2013",
      pages          = "081803",
      doi            = "10.1103/PhysRevLett.110.081803",
      eprint         = "1212.6639",
      archivePrefix  = "arXiv",
      primaryClass   = "hep-ex",
      reportNumber   = "CMS-HIG-12-041, CERN-PH-EP-2012-372",
      SLACcitation   = "%%CITATION = ARXIV:1212.6639;%%"
}


@article{Aad:2013xqa,
      author         = "Aad, Georges and others",
      title          = "{Evidence for the spin-0 nature of the Higgs boson using
                        ATLAS data}",
      collaboration  = "ATLAS",
      journal        = "Phys. Lett. B",
      volume         = "726",
      year           = "2013",
      pages          = "120",
      doi            = "10.1016/j.physletb.2013.08.026",
      eprint         = "1307.1432",
      archivePrefix  = "arXiv",
      primaryClass   = "hep-ex",
      reportNumber   = "CERN-PH-EP-2013-102",
      SLACcitation   = "%%CITATION = ARXIV:1307.1432;%%"
}


@article{Khachatryan:2014kca,
      author         = "Khachatryan, Vardan and others",
      title          = "{Constraints on the spin-parity and anomalous HVV
                        couplings of the Higgs boson in proton collisions at 7 and
                        8 TeV}",
      collaboration  = "CMS",
      journal        = "Phys. Rev. D",
      volume         = "92",
      year           = "2015",
      pages          = "012004",
      doi            = "10.1103/PhysRevD.92.012004",
      eprint         = "1411.3441",
      archivePrefix  = "arXiv",
      primaryClass   = "hep-ex",
      reportNumber   = "CMS-HIG-14-018, CERN-PH-EP-2014-265",
      SLACcitation   = "%%CITATION = ARXIV:1411.3441;%%"
}


@article{Aad:2015zhl,
      author         = "Aad, Georges and others",
      title          = "Combined Measurement of the {H}iggs Boson Mass in $pp$
                        Collisions at $\sqrt{s}=7$ and 8 {TeV} with the {ATLAS} and
                        {CMS} Experiments",
      booktitle      = "{Proceedings, Meeting of the APS Division of Particles
                        and Fields (DPF 2015): Ann Arbor, Michigan, USA, 4-8 Aug
                        2015}",
      collaboration  = "ATLAS and CMS",
      journal        = "Phys. Rev. Lett.",
      volume         = "114",
      year           = "2015",
      pages          = "191803",
      doi            = "10.1103/PhysRevLett.114.191803",
      eprint         = "1503.07589",
      archivePrefix  = "arXiv",
      primaryClass   = "hep-ex",
      reportNumber   = "ATLAS-HIGG-2014-14, CMS-HIG-14-042, CERN-PH-EP-2015-075",
      SLACcitation   = "%%CITATION = ARXIV:1503.07589;%%"
}



@article{Aad:2015vsa,
      author         = "Aad, Georges and others",
      title          = "{Evidence for the Higgs-boson Yukawa coupling to tau
                        leptons with the ATLAS detector}",
      collaboration  = "ATLAS",
      journal        = "JHEP",
      volume         = "04",
      year           = "2015",
      pages          = "117",
      doi            = "10.1007/JHEP04(2015)117",
      eprint         = "1501.04943",
      archivePrefix  = "arXiv",
      primaryClass   = "hep-ex",
      reportNumber   = "CERN-PH-EP-2014-262",
      SLACcitation   = "%%CITATION = ARXIV:1501.04943;%%"
}


@article{Chatrchyan:2014nva,
      author         = "Chatrchyan, Serguei and others",
      title          = "{Evidence for the 125 GeV Higgs boson decaying to a pair
                        of $\tau$ leptons}",
      collaboration  = "CMS",
      journal        = "JHEP",
      volume         = "05",
      year           = "2014",
      pages          = "104",
      doi            = "10.1007/JHEP05(2014)104",
      eprint         = "1401.5041",
      archivePrefix  = "arXiv",
      primaryClass   = "hep-ex",
      reportNumber   = "CMS-HIG-13-004, CERN-PH-EP-2014-001",
      SLACcitation   = "%%CITATION = ARXIV:1401.5041;%%"
}


@article{Khachatryan:2016vau,
      author         = "Aad, Georges and others",
      title          = "{Measurements of the Higgs boson production and decay
                        rates and constraints on its couplings from a combined
                        ATLAS and CMS analysis of the LHC pp collision data at $
                        \sqrt{s}=7 $ and 8 TeV}",
      collaboration  = "ATLAS, CMS",
      journal        = "JHEP",
      volume         = "08",
      year           = "2016",
      pages          = "045",
      doi            = "10.1007/JHEP08(2016)045",
      eprint         = "1606.02266",
      archivePrefix  = "arXiv",
      primaryClass   = "hep-ex",
      reportNumber   = "CERN-EP-2016-100, ATLAS-HIGG-2015-07, CMS-HIG-15-002",
      SLACcitation   = "%%CITATION = ARXIV:1606.02266;%%"
}



@TECHREPORT{CMS-PAS-SMP-12-008,
      COLLABORATION = "CMS",
      TITLE       = "Absolute Calibration of the Luminosity Measurement at {CMS}: {W}inter 2012 Update",
      AUTHOR      = "{CMS Collaboration}",
      URL         = "http://cdsweb.cern.ch/record/1434360",
      TYPE        = "CMS Physics Analysis Summary",
      NUMBER      = "CMS-PAS-SMP-12-008",
      YEAR        = "2012"
}


@article{CMS-PAS-LUM-12-001,
     TITLE         = "{CMS} Luminosity Measurement Based on Pixel Cluster Counting: {S}ummer 2012 Update",
     COLLABORATION = "{CMS}",
     URL           = "http://cdsweb.cern.ch/record/1482193",
	Journal = {CMS Physics Analysis Summary},
     TYPE       = "CMS Physics Analysis Summary",
     volume        = "CMS-PAS-LUM-12-001",
     YEAR          = "2012"
}

@TECHREPORT{CMS-PAS-LUM-13-001,
      COLLABORATION = "CMS",
      TITLE       = "CMS Luminosity Based on Pixel Cluster Counting - Summer 2013 Update",
      AUTHOR      = "{CMS Collaboration}",
      URL         = "http://cdsweb.cern.ch/record/1598864",
      TYPE        = "CMS Physics Analysis Summary",
      NUMBER      = "CMS-PAS-LUM-13-001",
      YEAR        = "2013"
}

%%COL
@ARTICLE{massRecoCollinearApprox,
     AUTHOR       = "Ellis, R. K. and Hinchliffe, I. and Soldate, M. and J. J. van der Bij",
     TITLE        = "Higgs decay to $\tau^{+} \tau^{-}$: A possible signature of intermediate mass Higgs bosons at high energy hadron colliders",
     JOURNAL      = "Nucl. Phys. B",
     VOLUME       = "297",
     YEAR         = "1988",
     pages        = "221",
     doi          = "10.1016/0550-3213(88)90019-3",
}

%%COL
@article{SM1,
	Author = {Weinberg, S.},
	Date-Added = {2012-07-07 14:23:08 +0000},
	Date-Modified = {2012-07-07 14:23:08 +0000},
	Doi = {10.1103/PhysRevLett.19.1264},
	Journal = {Phys. Rev. Lett.},
	Pages = {1264},
	Title = {A Model of Leptons},
	Volume = {19},
	Year = {1967},
	Bdsk-Url-1 = {http://dx.doi.org/10.1103/PhysRevLett.19.1264}}

%%COL
@article{CMS-EWK-TAU,
     author    = "Chatrchyan, S. and others",
    COLLABORATION = "CMS",
    TITLE       = "Measurement of the inclusive {Z} cross section via decays to tau pairs in pp collisions at $\sqrt{s}$ = 7 {TeV}",
    JOURNAL     = "JHEP",
    VOLUME      = "08",
    PAGES       = "117",
    DOI         = "10.1007/JHEP08(2011)117",
    YEAR        = "2011",
    Eprint      = "1104.1617"}

%%COL
@inproceedings{hdecay2,
	Archiveprefix = {arXiv},
	Author = {Djouadi, A. and Kalinowski, J. and Muhlleitner, M. and Spira , M.},
	Booktitle = {{The Les Houches 2009 workshop on TeV colliders: The tools and Monte Carlo working group summary report}},
	Date-Added = {2012-07-07 14:23:08 +0000},
	Date-Modified = {2012-07-07 14:23:08 +0000},
	Eprint = {1003.1643},
	Primaryclass = {hep-ph},
	Title = {{An update of the program HDECAY}},
	Year = {2010}}


@article{Higgs:1964pj,
	Author = {Higgs, P. W.},
	Date-Added = {2012-07-07 14:23:08 +0000},
	Date-Modified = {2012-07-07 14:23:08 +0000},
	Doi = {10.1103/PhysRevLett.13.508},
	Journal = {Phys. Rev. Lett.},
	Pages = {508},
	Title = {Broken Symmetries and the Masses of Gauge Bosons},
	Volume = {13},
	Year = {1964},
	Bdsk-Url-1 = {http://dx.doi.org/10.1103/PhysRevLett.13.508}}

@article{Higgs:1964ia,
	Author = {Higgs, P. W.},
	Date-Added = {2012-07-07 14:23:08 +0000},
	Date-Modified = {2012-07-07 14:23:08 +0000},
	Doi = {10.1016/0031-9163(64)91136-9},
	Journal = {Phys. Lett.},
	Pages = {132},
	Title = {{Broken symmetries, massless particles and gauge fields}},
	Volume = {12},
	Year = {1964},
	Bdsk-Url-1 = {http://dx.doi.org/10.1016/0031-9163(64)91136-9}}

@article{Englert:1964et,
	Author = {Englert, F. and Brout, R.},
	Date-Added = {2012-07-07 14:23:08 +0000},
	Date-Modified = {2012-07-07 14:23:08 +0000},
	Doi = {10.1103/PhysRevLett.13.321},
	Journal = {Phys. Rev. Lett.},
	Pages = {321},
	Title = {Broken Symmetry and the Mass of Gauge Vector Mesons},
	Volume = {13},
	Year = {1964},
	Bdsk-Url-1 = {http://dx.doi.org/10.1103/PhysRevLett.13.321}}

@TECHREPORT{CMS-PAS-PFT-09-001,
      COLLABORATION = "CMS",
      TITLE       = "Particle--Flow Event Reconstruction in {CMS} and Performance for Jets, Taus, and {\MET}",
      AUTHOR      = "{CMS Collaboration}",
      URL         = "http://cdsweb.cern.ch/record/1194487",
      TYPE        = "CMS Physics Analysis Summary",
      NUMBER      = "CMS-PAS-PFT-09-001",
      YEAR        = "2009"
}

@TECHREPORT{CMS-PAS-PFT-10-002,
      COLLABORATION = "CMS",
      TITLE       = "Commissioning of the Particle-Flow Reconstruction in Minimum-Bias and Jet Events from {\Pp\Pp} Collisions at 7 {TeV}",
      AUTHOR      = "{CMS Collaboration}",
      URL         = "http://cdsweb.cern.ch/record/1279341",
      TYPE        = "CMS Physics Analysis Summary",
      NUMBER      = "CMS-PAS-PFT-10-002",
      YEAR        = "2010"
}

@TECHREPORT{CMS-PAS-PFT-10-003,
      COLLABORATION = "CMS",
      TITLE       = "Commissioning of the particle-flow event reconstruction with leptons from {J}/$\Psi$ and {W} decays at 7 {TeV}",
      AUTHOR      = "{CMS Collaboration}",
      URL         = "http://cdsweb.cern.ch/record/1279347",
      TYPE        = "CMS Physics Analysis Summary",
      NUMBER      = "CMS-PAS-PFT-10-003",
      YEAR        = "2010"
}
@TECHREPORT{CMS-PAS-EGM-10-004,
      COLLABORATION = "CMS",
      TITLE       = "Electron Reconstruction and Identification at $\sqrt{s} = 7$ {TeV}",
      AUTHOR      = "{CMS Collaboration}",
      URL         = "http://cdsweb.cern.ch/record/1299116",
      TYPE        = "CMS Physics Analysis Summary",
      NUMBER      = "CMS-PAS-EGM-10-004",
      YEAR        = "2010"
}
@article{Ciccolini:2007ec,
	Archiveprefix = {arXiv},
	Author = {Ciccolini, Mariano and Denner, Ansgar and Dittmaier, Stefan},
	Date-Added = {2012-07-07 14:23:08 +0000},
	Date-Modified = {2012-07-07 14:23:08 +0000},
	Doi = {10.1103/PhysRevD.77.013002},
	Eprint = {0710.4749},
	Journal = {Phys. Rev. D},
	Pages = {013002},
	Primaryclass = {hep-ph},
	Slaccitation = {%%CITATION = 0710.4749;%%},
	Title = {{Electroweak and QCD corrections to Higgs production via vector-boson fusion at the CERN LHC}},
	Volume = {77},
	Year = {2008},
	Bdsk-Url-1 = {http://dx.doi.org/10.1103/PhysRevD.77.013002}}

@article{Ciccolini:2003jy,
	Archiveprefix = {arXiv},
	Author = {Ciccolini, M. L. and Dittmaier, S. and {Kr\"amer}, M.},
	Date-Added = {2012-07-07 14:23:08 +0000},
	Date-Modified = {2012-07-07 14:23:08 +0000},
	Doi = {10.1103/PhysRevD.68.073003},
	Eprint = {hep-ph/0306234},
	Journal = {Phys. Rev. D},
	Pages = {073003},
	Slaccitation = {%%CITATION = HEP-PH/0306234;%%},
	Title = {{Electroweak radiative corrections to associated $\PW\PH$ and $\PZ\PH$ production at hadron colliders}},
	Volume = {68},
	Year = {2003},
	Bdsk-Url-1 = {http://dx.doi.org/10.1103/PhysRevD.68.073003}}


@article{Agostinelli:2002hh,
	Author = {S. Agostinelli and others},
	Collaboration = {GEANT4},
	Date-Added = {2012-07-07 14:23:08 +0000},
	Date-Modified = {2012-07-07 14:23:08 +0000},
	Doi = {10.1016/S0168-9002(03)01368-8},
	Journal = {Nucl. Instrum. Meth. A},
	Pages = {250},
	Title = {{GEANT4} --- a simulation toolkit},
	Volume = {506},
	Year = {2003},
	Bdsk-Url-1 = {http://dx.doi.org/10.1016/S0168-9002(03)01368-8}}

@article{Guralnik:1964eu,
	Author = {Guralnik, G. S. and Hagen, C. R. and Kibble, T. W. B.},
	Date-Added = {2012-07-07 14:23:08 +0000},
	Date-Modified = {2012-07-07 14:23:08 +0000},
	Doi = {10.1103/PhysRevLett.13.585},
	Journal = {Phys. Rev. Lett.},
	Pages = {585},
	Title = {Global Conservation Laws and Massless Particles},
	Volume = {13},
	Year = {1964},
	Bdsk-Url-1 = {http://dx.doi.org/10.1103/PhysRevLett.13.585}}

@article{Anastasiou:2002yz,
	Archiveprefix = {arXiv},
	Author = {Anastasiou, Charalampos and Melnikov, Kirill},
	Doi = {10.1016/S0550-3213(02)00837-4},
	Eprint = {hep-ph/0207004},
	Journal = {Nucl. Phys. B},
	Pages = {220},
	Slaccitation = {%%CITATION = HEP-PH/0207004;%%},
	Title = {{Higgs boson production at hadron colliders in NNLO QCD}},
	Volume = {646},
	Year = {2002},
	Bdsk-Url-1 = {http://dx.doi.org/10.1016/S0550-3213(02)00837-4}}

@article{Spira:1995rr,
	Archiveprefix = {arXiv},
	Author = {Spira, M. and Djouadi, A. and Graudenz, D. and Zerwas, P. M.},
	Doi = {10.1016/0550-3213(95)00379-7},
	Eprint = {hep-ph/9504378},
	Journal = {Nucl. Phys. B},
	Pages = {17},
	Slaccitation = {%%CITATION = HEP-PH/9504378;%%},
	Title = {{Higgs boson production at the LHC}},
	Volume = {453},
	Year = {1995},
	Bdsk-Url-1 = {http://dx.doi.org/10.1016/0550-3213(95)00379-7}}

@article{Baglio:2010ae,
	Archiveprefix = {arXiv},
	Author = {Baglio, J. and Djouadi, A.},
	Date-Added = {2012-02-19 09:32:38 -0500},
	Date-Modified = {2012-02-20 12:00:29 -0500},
	Doi = {10.1007/JHEP03(2011)055},
	Eprint = {1012.0530},
	Journal = {JHEP},
	Pages = {055},
	Primaryclass = {hep-ph},
	Slaccitation = {%%CITATION = 1012.0530;%%},
	Title = {{Higgs production at the LHC}},
	Volume = {03},
	Year = {2011},
	Bdsk-Url-1 = {http://dx.doi.org/10.1007/JHEP03(2011)055}}

@article{deFlorian:2009hc,
	Archiveprefix = {arXiv},
	Author = {de Florian, Daniel and Grazzini, Massimiliano},
	Date-Added = {2012-07-07 14:23:08 +0000},
	Date-Modified = {2012-07-07 14:23:08 +0000},
	Doi = {10.1016/j.physletb.2009.03.033},
	Eprint = {0901.2427},
	Journal = {Phys. Lett. B},
	Pages = {291},
	Primaryclass = {hep-ph},
	Slaccitation = {%%CITATION = 0901.2427;%%},
	Title = {{Higgs production through gluon fusion: Updated cross sections at the Tevatron and the LHC}},
	Volume = {674},
	Year = {2009},
	Bdsk-Url-1 = {http://dx.doi.org/10.1016/j.physletb.2009.03.033}}


@article{Harlander:2002wh,
	Archiveprefix = {arXiv},
	Author = {Harlander, R. V. and Kilgore, W. B.},
	Date-Added = {2012-07-07 14:23:08 +0000},
	Date-Modified = {2012-07-07 14:23:08 +0000},
	Doi = {10.1103/PhysRevLett.88.201801},
	Eprint = {hep-ph/0201206},
	Journal = {Phys. Rev. Lett.},
	Pages = {201801},
	Slaccitation = {%%CITATION = HEP-PH/0201206;%%},
	Title = {{Next-to-Next-to-Leading Order Higgs Production at Hadron Colliders}},
	Volume = {88},
	Year = {2002},
	Bdsk-Url-1 = {http://dx.doi.org/10.1103/PhysRevLett.88.201801}}

@article{Actis:2008ug,
	Archiveprefix = {arXiv},
	Author = {Actis, Stefano and Passarino, Giampiero and Sturm, Chridtian and Uccirati, Sandro},
	Date-Added = {2012-07-07 14:23:08 +0000},
	Date-Modified = {2012-07-07 14:23:08 +0000},
	Doi = {10.1016/j.physletb.2008.10.018},
	Eprint = {0809.1301},
	Journal = {Phys. Lett. B},
	Pages = {12},
	Primaryclass = {hep-ph},
	Slaccitation = {%%CITATION = 0809.1301;%%},
	Title = {{NLO} electroweak corrections to {H}iggs boson production at hadron colliders},
	Volume = {670},
	Year = {2008},
	Bdsk-Url-1 = {http://dx.doi.org/10.1016/j.physletb.2008.10.018}}



% Yuta added on 12 Nov 2013
% for powheg-box

% ref1, This will not be used (indicated by Colin)
@article{Nason:2004rx,
      author         = "Nason, Paolo",
      title          = "{A new method for combining NLO QCD with shower Monte
                        Carlo algorithms}",
      journal        = "JHEP",
      volume         = "11",
      pages          = "040",
      doi            = "10.1088/1126-6708/2004/11/040",
      year           = "2004",
      eprint         = "hep-ph/0409146",
      archivePrefix  = "arXiv",
      primaryClass   = "hep-ph",
      reportNumber   = "BICOCCA-FT-04-11",
      SLACcitation   = "%%CITATION = HEP-PH/0409146;%%",
}

% ref2
@article{Frixione:2007vw,
      author         = "Frixione, Stefano and Nason, Paolo and Oleari, Carlo",
      title          = "{Matching NLO QCD computations with parton shower
                        simulations: the POWHEG method}",
      journal        = "JHEP",
      volume         = "11",
      pages          = "070",
      doi            = "10.1088/1126-6708/2007/11/070",
      year           = "2007",
      eprint         = "0709.2092",
      archivePrefix  = "arXiv",
      primaryClass   = "hep-ph",
      reportNumber   = "BICOCCA-FT-07-9, GEF-TH-21-2007",
      SLACcitation   = "%%CITATION = ARXIV:0709.2092;%%",
}

% ref3
@article{Alioli:2010xd,
      author         = "Alioli, Simone and Nason, Paolo and Oleari, Carlo and Re,
                        Emanuele",
      title          = "{A general framework for implementing NLO calculations in
                        shower Monte Carlo programs: the POWHEG BOX}",
      journal        = "JHEP",
      volume         = "06",
      pages          = "043",
      doi            = "10.1007/JHEP06(2010)043",
      year           = "2010",
      eprint         = "1002.2581",
      archivePrefix  = "arXiv",
      primaryClass   = "hep-ph",
      reportNumber   = "DESY-10-018, SFB-CPP-10-22, IPPP-10-11, DCPT-10-22",
      SLACcitation   = "%%CITATION = ARXIV:1002.2581;%%",
}

% Specific production process in pohweg-box: VBF
@article{Alioli:2010xa,
      author         = "Alioli, Simone and Hamilton, Keith and Nason, Paolo and
                        Oleari, Carlo and Re, Emanuele",
      title          = "{Jet pair production in POWHEG}",
      journal        = "JHEP",
      volume         = "04",
      pages          = "081",
      doi            = "10.1007/JHEP04(2011)081",
      year           = "2011",
      eprint         = "1012.3380",
      archivePrefix  = "arXiv",
      primaryClass   = "hep-ph",
      reportNumber   = "DESY-10-233, SFB-CPP-10-128, IPPP-10-100, DCPT-10-200,
                        MCNET-10-23",
      SLACcitation   = "%%CITATION = ARXIV:1012.3380;%%",
}


% Specific production process in pohweg-box: ggH
@article{Alioli:2008tz,
      author         = "Alioli, Simone and Nason, Paolo and Oleari, Carlo and Re,
                        Emanuele",
      title          = "{NLO Higgs boson production via gluon fusion matched with
                        shower in POWHEG}",
      journal        = "JHEP",
      volume         = "04",
      pages          = "002",
      doi            = "10.1088/1126-6708/2009/04/002",
      year           = "2009",
      eprint         = "0812.0578",
      archivePrefix  = "arXiv",
      primaryClass   = "hep-ph",
      SLACcitation   = "%%CITATION = ARXIV:0812.0578;%%",
}




%%%%%%%%%%%%%%%%%%%%%%%%%%%%%%%%%%%%%%%%%%

@article{Ravindran:2003um,
	Archiveprefix = {arXiv},
	Author = {Ravindran, V. and Smith, J. and van Neerven, W. L.},
	Doi = {10.1016/S0550-3213(03)00457-7},
	Eprint = {hep-ph/0302135},
	Journal = {Nucl. Phys. B},
	Pages = {325},
	Slaccitation = {%%CITATION = HEP-PH/0302135;%%},
	Title = {{NNLO corrections to the total cross section for Higgs boson production in hadron-hadron collisions}},
	Volume = {665},
	Year = {2003},
	Bdsk-Url-1 = {http://dx.doi.org/10.1016/S0550-3213(03)00457-7}}

@article{Brein:2003wg,
	Archiveprefix = {arXiv},
	Author = {Brein, Oliver and Djouadi, Abdelhak and Harlander, Robert},
	Date-Added = {2012-07-07 14:23:08 +0000},
	Date-Modified = {2012-07-07 14:23:08 +0000},
	Doi = {10.1016/j.physletb.2003.10.112},
	Eprint = {hep-ph/0307206},
	Journal = {Phys. Lett. B},
	Pages = {149},
	Slaccitation = {%%CITATION = HEP-PH/0307206;%%},
	Title = {{NNLO QCD corrections to the Higgs-strahlung processes at hadron colliders}},
	Volume = {579},
	Year = {2004},
	Bdsk-Url-1 = {http://dx.doi.org/10.1016/j.physletb.2003.10.112}}


@article{PDG,
	Author = {Beringer, J. and others},
	Date-Added = {2012-07-07 14:23:08 +0000},
	Date-Modified = {2012-07-07 14:23:08 +0000},
	Journal = {Phys. Rev. D},
    Collaboration = {Particle Data Group},
	Pages = {010001},
    Title = {Review of Particle Physics},
    Doi = {10.1103/PhysRevD.86.010001},
	Volume = {86},
	Year = {2012}}

@article{EWK,
	Archiveprefix = {arXiv},
	Author = {Alcaraz, J.},
	Collaboration = {ALEPH, CDF, D0, DELPHI, L3, OPAL and SLD},
	Date-Added = {2012-07-07 14:23:08 +0000},
	Date-Modified = {2012-07-07 14:23:08 +0000},
	Eprint = {0911.2604},
	Primaryclass = {hep-ex},
	Slaccitation = {%%CITATION = 0911.2604;%%},
	Title = {{Precision Electroweak Measurements and Constraints on the Standard Model}},
	Year = {2009}}


@article{Djouadi:1991tka,
	Author = {Djouadi, A. and Spira, M. and Zerwas, P. M.},
	Date-Added = {2012-02-19 09:31:43 -0500},
	Date-Modified = {2012-02-19 09:31:43 -0500},
	Doi = {10.1016/0370-2693(91)90375-Z},
	Journal = {Phys. Lett. B},
	Pages = {440},
	Slaccitation = {%%CITATION = PHLTA,B264,440;%%},
	Title = {{Production of Higgs bosons in proton colliders. QCD corrections}},
	Volume = {264},
	Year = {1991},
	Bdsk-Url-1 = {http://dx.doi.org/10.1016/0370-2693(91)90375-Z}}


@article{pythia,
	Author = {Sj{\"o}strand, Torbjorn and Mrenna, Stephen and Skands, Peter Z.},
	Date-Added = {2012-07-07 14:23:08 +0000},
	Date-Modified = {2012-07-07 14:23:08 +0000},
	Doi = {10.1088/1126-6708/2006/05/026},
	Journal = {JHEP},
	Pages = {026},
	Primaryclass = {hep-ph},
	Slaccitation = {%%CITATION = HEP-PH/0603175;%%},
	Title = {{PYTHIA 6.4 physics and manual}},
	Volume = {05},
	Year = {2006},
	Bdsk-Url-1 = {http://dx.doi.org/10.1088/1126-6708/2006/05/026}}

@article{Dawson:1990zj,
	Author = {Dawson, S.},
	Date-Added = {2012-07-07 14:23:08 +0000},
	Date-Modified = {2012-07-07 14:23:08 +0000},
	Doi = {10.1016/0550-3213(91)90061-2},
	Journal = {Nucl. Phys. B},
	Pages = {283},
	Slaccitation = {%%CITATION = NUPHA,B359,283;%%},
	Title = {{Radiative corrections to Higgs boson production}},
	Volume = {359},
	Year = {1991},
	Bdsk-Url-1 = {http://dx.doi.org/10.1016/0550-3213(91)90061-2}}

@article{Catani:2003zt,
      author         = "Catani, Stefano and de Florian, Daniel and Grazzini,
                        Massimiliano and Nason, Paolo",
      title          = "{Soft gluon resummation for Higgs boson production at
                        hadron colliders}",
      journal        = "JHEP",
      volume         = "07",
      year           = "2003",
      pages          = "028",
      doi            = "10.1088/1126-6708/2003/07/028",
      eprint         = "hep-ph/0306211",
      archivePrefix  = "arXiv",
      primaryClass   = "hep-ph",
      reportNumber   = "BICOCCA-FT-03-12, CERN-TH-2003-117",
      SLACcitation   = "%%CITATION = HEP-PH/0306211;%%"
}

@article{Higgs:1966ev,
	Author = {Higgs, P. W.},
	Date-Added = {2012-07-07 14:23:08 +0000},
	Date-Modified = {2012-07-07 14:23:08 +0000},
	Doi = {10.1103/PhysRev.145.1156},
	Journal = {Phys. Rev.},
	Pages = {1156},
	Title = {Spontaneous Symmetry Breakdown without Massless Bosons},
	Volume = {145},
	Year = {1966},
	Bdsk-Url-1 = {http://dx.doi.org/10.1103/PhysRev.145.1156}}

@article{Denner:2011mq,
	Archiveprefix = {arXiv},
	Author = {Denner, A. and Heinemeyer, S. and Puljak, I. and Rebuzzi, D. and Spira, M.},
	Date-Added = {2012-07-07 14:23:08 +0000},
	Date-Modified = {2012-07-07 14:23:08 +0000},
	Doi = {10.1140/epjc/s10052-011-1753-8},
	Eprint = {1107.5909},
	Journal = {Eur. Phys. J. C},
	Pages = {1753},
	Primaryclass = {hep-ph},
	Slaccitation = {%%CITATION = ARXIV:1107.5909;%%},
	Title = {Standard model {H}iggs-boson branching ratios with uncertainties},
	Volume = {71},
	Year = {2011},
	Bdsk-Url-1 = {http://dx.doi.org/10.1140/epjc/s10052-011-1753-8}}

@article{Ciccolini:2007jr,
	Archiveprefix = {arXiv},
	Author = {Ciccolini, M. and Denner, Ansgar and Dittmaier, S.},
	Date-Added = {2012-07-07 14:23:08 +0000},
	Date-Modified = {2012-07-07 14:23:08 +0000},
	Doi = {10.1103/PhysRevLett.99.161803},
	Eprint = {0707.0381},
	Journal = {Phys. Rev. Lett.},
	Pages = {161803},
	Primaryclass = {hep-ph},
	Title = {Strong and Electroweak Corrections to the Production of a {H}iggs Boson + 2 Jets via Weak Interactions at the {Large Hadron Collider}},
	Volume = {99},
	Year = {2007},
	Bdsk-Url-1 = {http://dx.doi.org/10.1103/PhysRevLett.99.161803}}

@article{Kibble:1967sv,
	Author = {Kibble, T. W. B.},
	Date-Added = {2012-07-07 14:23:08 +0000},
	Date-Modified = {2012-07-07 14:23:08 +0000},
	Doi = {10.1103/PhysRev.155.1554},
	Journal = {Phys. Rev.},
	Pages = {1554},
	Title = {{Symmetry Breaking in Non-Abelian Gauge Theories}},
	Volume = {155},
	Year = {1967},
	Bdsk-Url-1 = {http://dx.doi.org/10.1103/PhysRev.155.1554}}


@inproceedings{Hocker:2007ht,
	Archiveprefix = {arXiv},
	Author = {Voss, Helge and H{\"o}cker, Andreas and Stelzer, J{\"o}rg and Tegenfeldt, Fredrik},
	Booktitle = {XI Int. Workshop on Advanced Computing and Analysis Techniques in Physics Research},
	Date-Added = {2012-07-07 14:23:08 +0000},
	Date-Modified = {2012-07-07 14:23:08 +0000},
	Eprint = {physics/0703039},
	Slaccitation = {%%CITATION = PHYSICS/0703039;%%},
	Title = {{TMVA}, the Toolkit for Multivariate Data Analysis with {ROOT}},
	Url = {http://pos.sissa.it/archive/conferences/050/040/ACAT\_040.pdf},
	Year = {2007},
	Bdsk-Url-1 = {http://pos.sissa.it/archive/conferences/050/040/ACAT\_040.pdf}}

@article{tmva,
	Archiveprefix = {arXiv},
	Author = {{A. Hoecker et al.}},
	Date-Added = {2012-07-07 14:23:08 +0000},
	Date-Modified = {2012-07-07 14:23:08 +0000},
	Eprint = {0703039},
	Primaryclass = {physics},
	Slaccitation = {%%CITATION = 0703039;%%},
	Title = {TMVA - toolkit for multivariate data analysis},
	Year = {2007}}

@article{Anastasiou:2008tj,
	Archiveprefix = {arXiv},
	Author = {Anastasiou, Charalampos and Boughezal, Radja and Petriello, Frank},
	Date-Added = {2012-07-07 14:23:08 +0000},
	Date-Modified = {2012-07-07 14:23:08 +0000},
	Doi = {10.1088/1126-6708/2009/04/003},
	Eprint = {0811.3458},
	Journal = {JHEP},
	Pages = {003},
	Primaryclass = {hep-ph},
	Slaccitation = {%%CITATION = 0811.3458;%%},
	Title = {{Mixed QCD-electroweak corrections to Higgs boson production in gluon fusion}},
	Volume = {04},
	Year = {2009},
	Bdsk-Url-1 = {http://dx.doi.org/10.1088/1126-6708/2009/04/003}}
i.org/10.1007/JHEP04(2012)004}}

@article{FeHiPro1,
	Author = {Anastasiou, C. and Melnikov, K. and Petriello, F.},
	Doi = {10.1016/j.nuclphysb.2005.06.036},
	Journal = {Nucl. Phys. B},
	Pages = {197},
	Title = {Fully differential {H}iggs boson production and the di-photon signal through next-to-next-to-leading order},
	Volume = {724},
	Year = {2005},
	Bdsk-Url-1 = {http://dx.doi.org/10.1016/j.nuclphysb.2005.06.036}}

@article{Degrassi:2004mx,
	Archiveprefix = {arXiv},
	Author = {Degrassi, G. and Maltoni, F.},
	Date-Added = {2012-02-19 09:32:38 -0500},
	Date-Modified = {2012-02-19 09:32:38 -0500},
	Doi = {10.1016/j.physletb.2004.09.008},
	Eprint = {hep-ph/0407249},
	Journal = {Phys. Lett. B},
	Pages = {255},
	Slaccitation = {%%CITATION = HEP-PH/0407249;%%},
	Title = {{Two-loop electroweak corrections to Higgs production at hadron colliders}},
	Volume = {600},
	Year = {2004},
	Bdsk-Url-1 = {http://dx.doi.org/10.1016/j.physletb.2004.09.008}}

@article{Aglietti:2004nj,
	Archiveprefix = {arXiv},
	Author = {Aglietti, U. and Bonciani, R. and Degrassi, G. and Vicini, A.},
	Date-Added = {2012-07-07 14:23:08 +0000},
	Date-Modified = {2012-07-07 14:23:09 +0000},
	Doi = {10.1016/j.physletb.2004.06.063},
	Eprint = {hep-ph/0404071},
	Journal = {Phys. Lett. B},
	Pages = {432},
	Slaccitation = {%%CITATION = HEP-PH/0404071;%%},
	Title = {{Two-loop light fermion contribution to Higgs production and decays}},
	Volume = {595},
	Year = {2004},
	Bdsk-Url-1 = {http://dx.doi.org/10.1016/j.physletb.2004.06.063}}

@Article{Bahr:2008pv,
      author         = "Bahr, M. and Gieseke, S. and Gigg, M.A. and Grellscheid,
                        D. and Hamilton, K. and others",
      title          = "{Herwig++ Physics and Manual}",
      journal        = "Eur.Phys.J.",
      volume         = "C58",
      pages          = "639-707",
      doi            = "10.1140/epjc/s10052-008-0798-9",
      year           = "2008",
      eprint         = "0803.0883",
      archivePrefix  = "arXiv",
      primaryClass   = "hep-ph",
      reportNumber   = "CERN-PH-TH-2008-038, CAVENDISH-HEP-08-03, KA-TP-05-2008,
                        DCPT-08-22, IPPP-08-11, CP3-08-05",
      SLACcitation   = "%%CITATION = ARXIV:0803.0883;%%",
}

@article{Arnold:2008rz,
	Archiveprefix = {arXiv},
	Author = {Arnold, K. and others},
	Date-Added = {2012-07-07 14:23:08 +0000},
	Date-Modified = {2012-07-07 14:23:09 +0000},
	Doi = {10.1016/j.cpc.2009.03.006},
	Eprint = {0811.4559},
	Journal = {Comput. Phys. Commun.},
	Pages = {1661},
	Primaryclass = {hep-ph},
	Slaccitation = {%%CITATION = 0811.4559;%%},
	Title = {{VBFNLO: A parton level Monte Carlo for processes with electroweak bosons}},
	Volume = {180},
	Year = {2009},
	Bdsk-Url-1 = {http://dx.doi.org/10.1016/j.cpc.2009.03.006}}

@unpublished{MET,
	Date-Added = {2012-07-07 14:23:08 +0000},
	Date-Modified = {2012-07-07 14:23:09 +0000},
	Note = {{The missing transverse energy $E_T^{\mathrm{mis}}$ is defined as the vector opposite to the vector sum of the transverse momenta of all reconstructed objects in the volume of the detector (leptons, photons, and charged/neutral hadrons)}}}

@article{MCFM,
	Author = {J. Campbell and R. K. Ellis},
	Date-Added = {2012-07-07 14:23:08 +0000},
	Date-Modified = {2012-07-07 14:23:09 +0000},
	Journal = {Nucl. Phys. Proc. Suppl.},
	Note = {MCFM code: http://mcfm.fnal.gov/},
	Pages = {10},
	Volume = {205-206},
	Year = {2010}}


@techreport{LHC-HCG-Report,
	Author = {{ATLAS, CMS Collaborations, LHC Higgs Combination Group}},
	Date-Modified = {2012-03-03 09:17:47 -0500},
	Number = {ATL-PHYS-PUB 2011-11, CMS NOTE 2011/005},
	Title = {Procedure for the {LHC} {H}iggs boson search combination in {S}ummer 2011},
	Url = {http://cdsweb.cern.ch/record/1379837},
	Year = {2011},
        Institution = {CERN},
	Bdsk-Url-1 = {http://cdsweb.cern.ch/record/1379837}}

@article{Barlow:1986ek,
      author         = "Barlow, Roger J.",
      title          = "Event classification using weighting methods",
      journal        = "J. Comput. Phys.",
      volume         = "72",
      year           = "1987",
      pages          = "202",
      doi            = "10.1016/0021-9991(87)90078-7",
      reportNumber   = "Print-88-0684",
      SLACcitation   = "%%CITATION = JCTPA,72,202;%%"
}


@article{Alwall:2011uj,
      author         = "Alwall, Johan and Herquet, Michel and Maltoni, Fabio and
                        Mattelaer, Olivier and Stelzer, Tim",
      title          = "{MadGraph 5: going beyond}",
      journal        = "JHEP",
      volume         = "06",
      pages          = "128",
      doi            = "10.1007/JHEP06(2011)128",
      year           = "2011",
      eprint         = "1106.0522",
      archivePrefix  = "arXiv",
      primaryClass   = "hep-ph",
      reportNumber   = "FERMILAB-PUB-11-448-T",
      SLACcitation   = "%%CITATION = ARXIV:1106.0522;%%",
}

@article{Alwall:2007st,
	Archiveprefix = {arXiv},
	Author = {Alwall, Johan and Demin, Pavel and de Visscher, Simon and Frederix, Rikkert and Herquet, Michel and others},
	Doi = {10.1088/1126-6708/2007/09/028},
	Eprint = {0706.2334},
	Journal = {JHEP},
	Pages = {028},
	Primaryclass = {hep-ph},
	Slaccitation = {%%CITATION = 0706.2334;%%},
	Title = {{MadGraph/MadEvent v4: the new web generation}},
	Volume = {09},
	Year = {2007},
	Bdsk-Url-1 = {http://dx.doi.org/10.1088/1126-6708/2007/09/028}}

@Article{Frixione:2002ik,
      author         = "Frixione, Stefano and Webber, Bryan R.",
      title          = "{Matching NLO QCD computations and parton shower
                        simulations}",
      journal        = "JHEP",
      volume         = "06",
      pages          = "029",
      doi            = "10.1088/1126-6708/2002/06/029",
      year           = "2002",
      eprint         = "hep-ph/0204244",
      archivePrefix  = "arXiv",
      primaryClass   = "hep-ph",
      reportNumber   = "CAVENDISH-HEP-02-01, LAPTH-905-02, GEF-TH-2-2002",
      SLACcitation   = "%%CITATION = HEP-PH/0204244;%%",
}


@article{FeHiPro2,
	Author = {Anastasiou, C. and Bucherer, S. and Kunszt, Z.},
	Doi = {10.1088/1126-6708/2009/10/068},
	Journal = {JHEP},
	Pages = {068},
	Title = {{HPro}: A {NLO} {Monte-Carlo} for {H}iggs production via gluon fusion with finite heavy quark masses},
	Volume = {10},
	Year = {2009},
	Bdsk-Url-1 = {http://dx.doi.org/10.1088/1126-6708/2009/10/068}}

@Article{Hamilton:2012np,
      author         = "Hamilton, Keith and Nason, Paolo and Zanderighi, Giulia",
      title          = "{MINLO: multi-scale improved NLO}",
      journal        = "JHEP",
      volume         = "10",
      pages          = "155",
      doi            = "10.1007/JHEP10(2012)155",
      year           = "2012",
      eprint         = "1206.3572",
      archivePrefix  = "arXiv",
      primaryClass   = "hep-ph",
      reportNumber   = "CERN-PH-TH-2012-166, OUTP-12-11P, MCNET-12-07",
      SLACcitation   = "%%CITATION = ARXIV:1206.3572;%%",
}


@article{Khachatryan:2014gga,
      author         = "Khachatryan, Vardan and others",
      title          = "{Performance of the CMS missing transverse momentum
                        reconstruction in pp data at $\sqrt{s}$ = 8 TeV}",
      collaboration  = "CMS",
      journal        = "JINST",
      volume         = "10",
      year           = "2015",
      pages          = "P02006",
      doi            = "10.1088/1748-0221/10/02/P02006",
      eprint         = "1411.0511",
      archivePrefix  = "arXiv",
      primaryClass   = "physics.ins-det",
      reportNumber   = "CMS-JME-13-003, CERN-PH-EP-2014-246",
      SLACcitation   = "%%CITATION = ARXIV:1411.0511;%%"
}

@TECHREPORT{CMS-JME-12-002,
      COLLABORATION = "CMS",
      TITLE       = "Performance of Missing Transverse Momentum Reconstruction Algorithms
       in Proton-Proton Collisions at $\sqrt{s}=8$ {TeV} with the {CMS} Detector",
      AUTHOR      = "{CMS Collaboration}",
      URL         = "http://cdsweb.cern.ch/record/1543527",
      TYPE        = "CMS Physics Analysis Summary",
      NUMBER      = "CMS-PAS-JME-12-002",
      YEAR        = "2012"
}

@article{CMS-JME-10-011,
	Archiveprefix = {arXiv},
	Author = {Chatrchyan, Serguei and others},
	Collaboration = {CMS},
	Doi = {10.1088/1748-0221/6/11/P11002},
	Eprint = {1107.4277},
	Journal = {JINST},
	Pages = {11002},
	Primaryclass = {physics.ins-det},
	Title = {Determination of jet energy calibration and transverse momentum resolution in {CMS}},
	Volume = {6},
	Year = {2011},
	Bdsk-Url-1 = {http://dx.doi.org/10.1088/1748-0221/6/11/P11002}}


@article{Cacciari:2008gp,
	Archiveprefix = {arXiv},
	Author = {Cacciari, Matteo and Salam, Gavin P. and Soyez, Gregory},
	Doi = {10.1088/1126-6708/2008/04/063},
	Eprint = {0802.1189},
	Journal = {JHEP},
	Pages = {063},
	Primaryclass = {hep-ex},
	Title = {The anti-$k_t$ jet clustering algorithm},
	Volume = {04},
	Year = {2008},
	Bdsk-Url-1 = {http://dx.doi.org/10.1088/1126-6708/2008/04/063}}

@article{Cacciari:fastjet2,
      author         = "{M. Cacciari and G. P. Salam}",
      title          = "{Dispelling the $N^{3}$ myth for the $k_t$ jet-finder}",
      journal        = "Phys. Lett. B",
      volume         = "641",
      pages          = "57",
      doi            = "10.1016/j.physletb.2006.08.037",
      year           = "2006",
      eprint         = "hep-ph/0512210",
      archivePrefix  = "arXiv",
      primaryClass   = "hep-ph",
      reportNumber   = "LPTHE-05-32",
      SLACcitation   = "%%CITATION = HEP-PH/0512210;%%",
}

@article{Cacciari:2011ma,
      author         = "Cacciari, Matteo and Salam, Gavin P. and Soyez, Gregory",
      title          = "{FastJet} user manual",
      journal        = "Eur. Phys. J. C",
      volume         = "72",
      pages          = "1896",
      doi            = "10.1140/epjc/s10052-012-1896-2",
      year           = "2012",
      eprint         = "1111.6097",
      archivePrefix  = "arXiv",
      primaryClass   = "hep-ph",
      reportNumber   = "CERN-PH-TH-2011-297",
      SLACcitation   = "%%CITATION = ARXIV:1111.6097;%%",
}

@article{TAUOLA,
	Author = {Stanis{\l}aw Jadach and Johann H. K\"uhn and Zbigniew W{\c{a}}s},
	Doi = {10.1016/0010-4655(91)90038-M},
	Journal = {Comput. Phys. Commun.},
	Pages = {275},
	Title = {{TAUOLA} - a library of {M}onte {C}arlo programs to simulate decays of polarized tau leptons},
	Volume = {64},
	Year = {1991},
	Bdsk-Url-1 = {http://dx.doi.org/10.1016/0010-4655(91)90038-M}}





@unpublished{Botje:2011sn,
     author         = "Michiel Botje and Jon Butterworth and Amanda Cooper-Sarkar and Albert de Roeck
                       and Joel Feltesse and Stefano Forte and Alexander Glazov and Joey Huston and Ronan McNulty
                       and Torbj{\"o"}rn Sj{\"o}strand and Robert Thorne",
     title          = "{The PDF4LHC Working Group Interim Recommendations}",
     year           = "2011",
     eprint         = "1101.0538",
     archivePrefix  = "arXiv",
     primaryClass   = "hep-ph",
}


@unpublished{Alekhin:2011sk,
     author         = "S. Alekhin and others",
     title          = "{The PDF4LHC Working Group Interim Report}",
     year           = "2011",
     eprint         = "1101.0536",
     archivePrefix  = "arXiv",
     primaryClass   = "hep-ph",
}


@article{Lai:2010vv,
     author         = "Hung-Liang Lai and Marco Guzzi and Joey Huston and Zhao Li and Pavel M. Nadolsky
                       and Jon Pumplin and C.-P. Yuan",
     title          = "{New parton distributions for collider physics}",
     journal        = "Phys. Rev. D",
     volume         = "82",
     pages          = "074024",
     doi            = "10.1103/PhysRevD.82.074024",
     year           = "2010",
     eprint         = "1007.2241",
     archivePrefix  = "arXiv",
     primaryClass   = "hep-ph",
}



@article{Ball:2011mu,
	Archiveprefix = {arXiv},
	Author = {Ball, Richard D. and others},
	Collaboration = {NNPDF},
	Date-Added = {2012-07-07 14:23:08 +0000},
	Date-Modified = {2012-07-07 14:23:08 +0000},
	Doi = {10.1016/j.nuclphysb.2011.03.021},
	Eprint = {1101.1300},
	Journal = {Nucl. Phys. B},
	Pages = {296},
	Primaryclass = {hep-ph},
	Title = {Impact of heavy quark masses on parton distributions and {LHC} phenomenology},
	Volume = {849},
	Year = {2011},
	Bdsk-Url-1 = {http://dx.doi.org/10.1016/j.nuclphysb.2011.03.021}}




@article{Grazzini,
      author         = "Ferrera, G. and Grazzini, M. and Tramontano, F.",
      title          = "{Associated WH production at hadron colliders: a fully
                        exclusive QCD calculation at NNLO}",
      year           = "2011",
      eprint         = "1107.1164",
      archivePrefix  = "arXiv",
      primaryClass   = "hep-ph",
}


@Techreport{LHC-HCG,
    author = "{ATLAS and CMS Collaborations, LHC Higgs Combination Group}",
    title = "Procedure for the {LHC} Higgs boson search combination in {S}ummer 2011",
    url = "http://cdsweb.cern.ch/record/1379837",
    type = "ATL-PHYS-PUB/CMS NOTE",
    number = "2011-11, 2011/005",
    year = "2011"
}




@ARTICLE{CMS-PAS-TAU-11-001,
      COLLABORATION = "CMS",
      TITLE       = "Performance of $\tau$-lepton reconstruction and identification in {CMS}",
      AUTHOR      = "Chatrchyan, Serguei and others",
      JOURNAL     = "JINST",
      VOLUME      = "7",
      PAGES       = "P01001",
      DOI         = "10.1088/1748-0221/7/01/P01001",
      YEAR        = "2012"
}

@article{CMS-PAS-MUO-10-002,
      COLLABORATION = {CMS},
      TITLE       = "Performance of muon identification in pp collisions at $\sqrt{s}$ = 7 {TeV}",
      URL         = "http://cdsweb.cern.ch/record/1279140",
      JOURNAL     = "CMS Physics Analysis Summary",
      VOLUME      =  "CMS-PAS-MUO-10-002",
      YEAR        = "2010"
}

@article{Chatrchyan:2012xi,
      author         = "Chatrchyan, Serguei and others",
      title          = "{Performance of CMS muon reconstruction in pp collision
                        events at $\sqrt{s}=7$ TeV}",
      collaboration  = "CMS",
      journal        = "JINST",
      volume         = "7",
      pages          = "P10002",
      doi            = "10.1088/1748-0221/7/10/P10002",
      year           = "2012",
      eprint         = "1206.4071",
      archivePrefix  = "arXiv",
      primaryClass   = "physics.ins-det",
      reportNumber   = "CMS-MUO-10-004, CERN-PH-EP-2012-173",
      SLACcitation   = "%%CITATION = ARXIV:1206.4071;%%",
}

@article{Chatrchyan:2012jua,
      author         = "Chatrchyan, Serguei and others",
      title          = "{Identification of b-quark jets with the CMS experiment}",
      collaboration  = "CMS",
      journal        = "JINST",
      volume         = "8",
      pages          = "P04013",
      doi            = "10.1088/1748-0221/8/04/P04013",
      year           = "2013",
      eprint         = "1211.4462",
      archivePrefix  = "arXiv",
      primaryClass   = "hep-ex",
      reportNumber   = "CMS-BTV-12-001, CERN-PH-EP-2012-262",
      SLACcitation   = "%%CITATION = ARXIV:1211.4462;%%",
}

% editor     = "H.B. Prosper and L. Lyons",
% volume     = {CERN-2011-006},
@InProceedings{Conway-PhyStat,
    author     = "Conway, J. S.",
    title      = "Incorporating Nuisance Parameters in Likelihoods for Multisource Spectra",
    booktitle    = "Proceedings of {PHYSTAT} 2011 Workshop on Statistical Issues Related to Discovery Claims in Search Experiments and Unfolding",
    publisher  = "CERN-2011-006",
    pages      = "115",
    url         = "http://cdsweb.cern.ch/record/1306523",
    year       = "2011"}


@Article{TauPol,
      author         = "Bullock, B. K. and Hagiwara, Kaoru and Martin, Alan D.",
      title          = "{Tau polarization and its correlations as a probe of new
                        physics}",
      journal        = "Nucl. Phys. B",
      volume         = "395",
      pages          = "499",
      doi            = "10.1016/0550-3213(93)90045-Q",
      year           = "1993",
}

@article{PFMEtSignAlgo,
      author         = "Chatrchyan, Serguei and others",
      title          = "{Missing transverse energy performance of the CMS
                        detector}",
      collaboration  = "CMS",
      journal        = "JINST",
      volume         = "6",
      pages          = "P09001",
      doi            = "10.1088/1748-0221/6/09/P09001",
      year           = "2011",
      eprint         = "1106.5048",
      archivePrefix  = "arXiv",
      primaryClass   = "physics.ins-det",
      reportNumber   = "FERMILAB-PUB-11-718-CMS, CMS-JME-10-009,
                        CERN-PH-EP-2011-051",
      SLACcitation   = "%%CITATION = ARXIV:1106.5048;%%",
}

@article{CMSobservation125,
      author         = "Chatrchyan, Serguei and others",
      title          = "{Observation of a new boson at a mass of 125 GeV with the
                        CMS experiment at the LHC}",
      collaboration  = "CMS",
      journal        = "Phys. Lett. B",
      volume = "716",
      doi            = "10.1016/j.physletb.2012.08.021",
      year           = "2012",
      eprint         = "1207.7235",
      archivePrefix  = "arXiv",
      primaryClass   = "hep-ex",
      reportNumber   = "CMS-HIG-12-028, CERN-PH-EP-2012-220",
      SLACcitation   = "%%CITATION = ARXIV:1207.7235;%%",
}

@article{CMSobservation125Long,
      AUTHOR      = "Chatrchyan, Serguei and others",
year={2013},
journal={JHEP},
volume={06},
doi={10.1007/JHEP06(2013)081},
title={Observation of a new boson with mass near 125 GeV in pp collisions at $\sqrt{s}$ = 7 and 8 TeV},
publisher={Springer-Verlag},
keywords={Hadron-Hadron Scattering},
collaboration={CMS},
pages={081},
language={English}
}


@article{ATLASobservation125,
      author         = "Aad, Georges and others",
      title          = "{Observation of a new particle in the search for the
                        Standard Model Higgs boson with the ATLAS detector at the
                        LHC}",
      collaboration  = "ATLAS",
      journal        = "Phys. Lett. B",
      volume = "716",
      doi            = "10.1016/j.physletb.2012.08.020",
      year           = "2012",
      eprint         = "1207.7214",
      archivePrefix  = "arXiv",
      primaryClass   = "hep-ex",
      reportNumber   = "CERN-PH-EP-2012-218",
      SLACcitation   = "%%CITATION = ARXIV:1207.7214;%%",
}

@Inproceedings{SM3,
    author = "Salam, Abdus",
    editor = "Svartholm, Nils",
    publisher = "Almqvist \& Wiksell",
    address = "Stockholm",
    year = "1968",
    booktitle = "Elementary particle physics: relativistic groups and analyticity",
    note = "Proceedings of the eighth Nobel symposium",
    title = "Weak and electromagnetic interactions",
    pages = "367"
}

@ARTICLE{CMS-JINST,
     author    = "Chatrchyan, S. and others",
     collaboration = "CMS",
     title     = "The {CMS} experiment at the {CERN} {LHC}",
     journal   = "JINST",
     volume    = "3",
     year      = "2008",
     pages     = "S08004",
     doi       = "10.1088/1748-0221/3/08/S08004",
     SLACcitation  = "%%CITATION = JINST,3,S08004;%%"
}

@article{CMS-EWK-WZ,
     author    = "Khachatryan, V. and others",
    COLLABORATION = "CMS",
    TITLE       = "Measurements of inclusive {$\PW$} and {$\PZ$} cross sections in pp collisions at $\sqrt{s}$ = 7 {TeV}",
    JOURNAL     = "JHEP",
    VOLUME      = "01",
    PAGES       = "132",
    DOI         = "10.1007/JHEP01(2011)080",
    YEAR        = "2011",
    eprint         = "1012.2466",
    archivePrefix  = "arXiv",
    primaryClass   = "hep-ex"
      }

@article{Junk,
	Archiveprefix = {arXiv},
	Author = {Junk, Thomas},
	Doi = {10.1016/S0168-9002(99)00498-2},
	Journal = {Nucl. Instrum. Meth. A},
	Pages = {435},
	Primaryclass = {hep-ex},
    eprint         = "hep-ex/9902006",
	Title = {Confidence level computation for combining searches with small statistics},
	Volume = {434},
	Year = {1999},
	Bdsk-Url-1 = {http://dx.doi.org/10.1016/S0168-9002(99)00498-2}
}

@article{Read,
       Author = {Read, A. L.},
       Journal = {CERN Report},
       pages = {81},
       Title = "Modified frequentist analysis of search results (the $CL_s$ method)",
       Volume = {CERN-OPEN-2000-005},
       Year = {2000},
       URL= "http://cdsweb.cern.ch/record/451614"
}


@inproceedings{Read:2002hq,
  author = "Read, A. L.",
  title = "Presentation of search results: the {$CL_s$} technique",
      booktitle      = "Durham IPPP Workshop: Advanced Statistical Techniques in Particle Physics",
     address =            "Durham, UK",
     month        = "March",
     note = "[J. Phys. G 28 (2002) 2693]",
      year           = "2002",
      pages          = "2693",
      doi            = "10.1088/0954-3899/28/10/313",
}




@article{CMS-PAS-HIG-12-053,
	Collaboration = {CMS},
	Journal = {CMS Physics Analysis Summary},
	Title = {Search for the standard model Higgs boson decaying to tau pairs produced in association with a W or Z boson},
	Volume = {CMS-PAS-HIG-12-053},
	Year = {2012}}


@ARTICLE{IEEE\_DetAnnealing,
    AUTHOR       = "K. Rose",
    TITLE        = "{Deterministic annealing for clustering, compression, classification, regression, and related optimization problems}",
    JOURNAL      = "Proceedings of the IEEE",
    VOLUME       = "86",
    DOI          = "10.1109/5.726788",
    YEAR         = "1998",
    PAGES        = {2210}
}

@unpublished{hres,
  author      = {de Florian, D. and others},
  title       = {Higgs boson production at the LHC: transverse momentum resummation effects in the $\PH \to \gamma\gamma$, $\PH \to \PW\PW \to \ell\nu \ell\nu$ and $\PH\to \PZ\PZ\to 4\ell$ decay modes},
  Archiveprefix = {arXiv},
  Eprint      = {1203.6321}
}


@TECHREPORT{CMS-PAS-JME-13-005,
      COLLABORATION = "CMS",
      TITLE       = "Pileup Jet Identification ",
      AUTHOR      = "{CMS Collaboration}",
      URL         = "http://cdsweb.cern.ch/record/1581583",
      TYPE        = "CMS Physics Analysis Summary",
      NUMBER      = "CMS-PAS-JME-13-005",
      YEAR        = "2013"
}

@article{Chatrchyan:2013oev,
      author         = "Chatrchyan, Serguei and others",
      title          = "{Measurement of the $\PW\PW$ and $\PZ\PZ$ production cross sections in
                        pp collisions at $\sqrt{s}$ = 8 TeV}",
      collaboration  = "CMS",
      journal        = "Phys. Lett. B",
      volume         = "721",
      pages          = "190",
      doi            = "10.1016/j.physletb.2013.03.027",
      year           = "2013",
      eprint         = "1301.4698",
      archivePrefix  = "arXiv",
      primaryClass   = "hep-ex",
      reportNumber   = "CMS-SMP-12-024, CERN-PH-EP-2012-376",
      SLACcitation   = "%%CITATION = ARXIV:1301.4698;%%",
}

@unpublished{HiggsToZZ:2013,
      title          = {Measurement of the production and decay of a Higgs boson in the four-lepton final state},
      note = "To be published",
      collaboration  = {CMS},
      year           = "2013",
}

@article{Chatrchyan:2012tx,
      author         = "Chatrchyan, Serguei and others",
      title          = "{Combined results of searches for the standard model
                        Higgs boson in pp collisions at $\sqrt{s}=7$ TeV}",
      collaboration  = "{CMS}",
      journal        = "Phys. Lett. B",
      volume         = "710",
      pages          = "26",
      doi            = "10.1016/j.physletb.2012.02.064",
      year           = "2012",
      eprint         = "1202.1488",
      archivePrefix  = "arXiv",
      primaryClass   = "hep-ex",
      reportNumber   = "CMS-HIG-11-032, CERN-PH-EP-2012-023",
      SLACcitation   = "%%CITATION = ARXIV:1202.1488;%%",
}

@article{Chatrchyan:2011id,
      author         = "Chatrchyan, Serguei and others",
      title          = "{Measurement of the underlying event activity at the LHC
                        with $\sqrt{s}= 7$ TeV and comparison with $\sqrt{s} =
                        0.9$ TeV}",
      collaboration  = "{CMS}",
      journal        = "JHEP",
      volume         = "09",
      pages          = "109",
      doi            = "10.1007/JHEP09(2011)109",
      year           = "2011",
      eprint         = "1107.0330",
      archivePrefix  = "arXiv",
      primaryClass   = "hep-ex",
      reportNumber   = "CMS-QCD-10-010, CERN-PH-EP-2011-059",
      SLACcitation   = "%%CITATION = ARXIV:1107.0330;%%",
}

@techreport{LHCHiggsCrossSectionWorkingGroup:2011ti,
      author         = "{LHC Higgs Cross Section Working Group}",
      title          = "{Handbook of LHC Higgs cross sections: 1. Inclusive
                       observables}",
      doi            = "10.5170/CERN-2011-002",
      year           = "2011",
      type           = "CERN Report",
      number         = "CERN-2011-002",
      eprint         = "1101.0593",
      archivePrefix  = "arXiv",
      primaryClass   = "hep-ph",
      reportNumber   = "CERN-2011-002",
      SLACcitation   = "%%CITATION = ARXIV:1101.0593;%%",
}

@techreport{Heinemeyer:2013tqa,
  author        = "{LHC Higgs Cross Section Working Group}",
  title          = "{Handbook of LHC Higgs cross sections: 3. Higgs Properties}",
  year           = "2013",
     eprint         = "1307.1347",
     archivePrefix  = "arXiv",
     primaryClass   = "hep-ph",
     type           = "CERN Report",
     Number   = "CERN-2013-004",
    doi            = "10.5170/CERN-2013-004",
     SLACcitation   = "%%CITATION = ARXIV:1307.1347;%%",
}

@techreport{Dittmaier:2012vm,
      author         = "{LHC Higgs Cross Section Working Group}",
      title          = "{Handbook of LHC Higgs cross sections: 2. Differential Distributions}",
      year           = "2012",
      eprint         = "1201.3084",
      archivePrefix  = "arXiv",
      primaryClass   = "hep-ph",
      type           = "CERN Report",
      number         = "CERN-2012-002",
      doi            = "10.5170/CERN-2012-002",
      SLACcitation   = "%%CITATION = ARXIV:1201.3084;%%",
}
@article{Chatrchyan:2012ep,
      author         = "Chatrchyan, Serguei and others",
      title          = "{Measurement of the single-top-quark $t$-channel cross
                        section in pp collisions at $\sqrt{s}=7$ TeV}",
      collaboration  = "CMS",
      journal        = "JHEP",
      volume         = "12",
      pages          = "035",
      doi            = "10.1007/JHEP12(2012)035",
      year           = "2012",
      eprint         = "1209.4533",
      archivePrefix  = "arXiv",
      primaryClass   = "hep-ex",
      reportNumber   = "CMS-TOP-11-021, CERN-PH-EP-2012-274",
      SLACcitation   = "%%CITATION = ARXIV:1209.4533;%%",
}

@article{Aad:2012mea,
      author         = "Aad, Georges and others",
      title          = "{Search for the Standard Model Higgs boson in the $\PH$ to
                        $\tau^{+} \tau^{-}$ decay mode in $\sqrt{s}=7$ TeV pp
                        collisions with ATLAS}",
      collaboration  = "ATLAS",
      journal        = "JHEP",
      volume         = "09",
      pages          = "070",
      doi            = "10.1007/JHEP09(2012)070",
      year           = "2012",
      eprint         = "1206.5971",
      archivePrefix  = "arXiv",
      primaryClass   = "hep-ex",
      reportNumber   = "CERN-PH-EP-2012-140",
      SLACcitation   = "%%CITATION = ARXIV:1206.5971;%%",
}

@article{Chatrchyan:2012vp,
      author         = "Chatrchyan, Serguei and others",
      title          = "{Search for neutral Higgs bosons decaying to $\tau$ pairs
                        in pp collisions at $\sqrt{s}=7$ TeV}",
      collaboration  = "CMS",
      journal        = "Phys. Lett. B",
      volume         = "713",
      pages          = "68",
      doi            = "10.1016/j.physletb.2012.05.028",
      year           = "2012",
      eprint         = "1202.4083",
      archivePrefix  = "arXiv",
      primaryClass   = "hep-ex",
      reportNumber   = "CMS-HIG-11-029, CERN-PH-EP-2012-034",
      SLACcitation   = "%%CITATION = ARXIV:1202.4083;%%",
}
@article{Aaltonen:2012jh,
      author         = "Aaltonen, T. and others",
      title          = "Search for a Low-Mass Standard Model {H}iggs Boson in the
                        $\tau$$\tau$ Decay Channel in ${p}\bar{{p}}$ Collisions at
                        {$\sqrt{s} = 1.96$ TeV}",
      collaboration  = "CDF",
      journal        = "Phys. Rev. Lett.",
      volume         = "108",
      pages          = "181804",
      doi            = "10.1103/PhysRevLett.108.181804",
      year           = "2012",
      eprint         = "1201.4880",
      archivePrefix  = "arXiv",
      primaryClass   = "hep-ex",
      reportNumber   = "FERMILAB-PUB-12-017-E",
      SLACcitation   = "%%CITATION = ARXIV:1201.4880;%%",
}
@article{Abazov:2012zj,
      author         = "Abazov, Victor Mukhamedovich and others",
      title          = "{Search for the standard model Higgs boson in tau lepton
                        final states}",
      collaboration  = "D0",
      journal        = "Phys. Lett. B",
      volume         = "714",
      pages          = "237",
      doi            = "10.1016/j.physletb.2012.07.012",
      year           = "2012",
      eprint         = "1203.4443",
      archivePrefix  = "arXiv",
      primaryClass   = "hep-ex",
      reportNumber   = "FERMILAB-PUB-12-076-E",
      SLACcitation   = "%%CITATION = ARXIV:1203.4443;%%",
}

@article{Barate:2003sz,
      author         = "Barate, R. and others",
      title          = "{Search for the standard model Higgs boson at LEP}",
      collaboration  = "LEP Working Group for Higgs boson searches, ALEPH
                        Collaboration, DELPHI Collaboration, L3 Collaboration,
                        OPAL Collaboration",
      journal        = "Phys. Lett. B",
      volume         = "565",
      pages          = "61",
      doi            = "10.1016/S0370-2693(03)00614-2",
      year           = "2003",
      eprint         = "hep-ex/0306033",
      archivePrefix  = "arXiv",
      primaryClass   = "hep-ex",
      reportNumber   = "CERN-EP-2003-011",
      SLACcitation   = "%%CITATION = HEP-EX/0306033;%%",
}
@article{Abbiendi:2000ac,
      author         = "Abbiendi, G. and others",
      title          = "{Search for the Standard Model Higgs boson in e$^+$e$^-$
                        collisions at $\sqrt{s}$ = 192--209 GeV}",
      collaboration  = "OPAL",
      journal        = "Phys. Lett. B",
      volume         = "499",
      pages          = "38",
      doi            = "10.1016/S0370-2693(01)00070-3",
      year           = "2001",
      eprint         = "hep-ex/0101014",
      archivePrefix  = "arXiv",
      primaryClass   = "hep-ex",
      reportNumber   = "CERN-EP-2000-156",
      SLACcitation   = "%%CITATION = HEP-EX/0101014;%%",
}
@article{Barate:2000ts,
      author         = "Barate, R. and others",
      title          = "{Observation of an excess in the search for the Standard
                        Model Higgs boson at ALEPH}",
      collaboration  = "ALEPH",
      journal        = "Phys. Lett. B",
      volume         = "495",
      pages          = "1",
      doi            = "10.1016/S0370-2693(00)01269-7",
      year           = "2000",
      eprint         = "hep-ex/0011045",
      archivePrefix  = "arXiv",
      primaryClass   = "hep-ex",
      reportNumber   = "CERN-EP-2000-138",
      SLACcitation   = "%%CITATION = HEP-EX/0011045;%%",
}
@article{Achard:2001pj,
      author         = "Achard, P. and others",
      title          = "{Standard model Higgs boson with the L3 experiment at
                        LEP}",
      collaboration  = "L3",
      journal        = "Phys. Lett. B",
      volume         = "517",
      pages          = "319",
      doi            = "10.1016/S0370-2693(01)01010-3",
      year           = "2001",
      eprint         = "hep-ex/0107054",
      archivePrefix  = "arXiv",
      primaryClass   = "hep-ex",
      reportNumber   = "CERN-EP-2001-049",
      SLACcitation   = "%%CITATION = HEP-EX/0107054;%%",
}
@article{Abdallah:2003ip,
      author         = "Abdallah, J. and others",
      title          = "{Final results from DELPHI on the searches for SM and
                        MSSM neutral Higgs bosons}",
      collaboration  = "DELPHI",
      journal        = "Eur. Phys. J. C",
      volume         = "32",
      pages          = "145",
      doi            = "10.1140/epjc/s2003-01394-x",
      year           = "2004",
      eprint         = "hep-ex/0303013",
      archivePrefix  = "arXiv",
      primaryClass   = "hep-ex",
      reportNumber   = "CERN-EP-2003-008",
      SLACcitation   = "%%CITATION = HEP-EX/0303013;%%",
}



@article{Chatrchyan:2013qca,
      author         = "Chatrchyan, Serguei and others",
      title          = "{Measurement of associated production of vector bosons
                        and top quark-antiquark pairs in pp collisions at $\sqrt{s}$ = 7 TeV}",
      collaboration  = "CMS",
      journal        = "Phys. Rev. Lett.",
      volume         = "110",
      pages          = "172002",
      doi            = "10.1103/PhysRevLett.110.172002",
      year           = "2013",
      eprint         = "1303.3239",
      archivePrefix  = "arXiv",
      primaryClass   = "hep-ex",
      reportNumber   = "CMS-TOP-12-014, CERN-PH-EP-2013-033",
      SLACcitation   = "%%CITATION = ARXIV:1303.3239;%%",
}

@article{PF-ALEPH,
    author          = "ALEPH Collaboration",
    title           = "Performance of the ALEPH detector at LEP",
    journal         = "Nuclear Instruments and Methods in Physics Research",
    year            = "1995",
    volume          = "360",
    pages           = "481-506",
    issue           = "3",
    doi             = "10.1016/0168-9002(95)00138-7",
}

@article{gsf_electrons,
    author          = "W. Adam, R. Frühwirth, A. Strandlie and T. Todorov",
    title           = "Reconstruction of electrons with the Gaussian sum filter in the CMS tracker at LHC",
    journal        = "J. Phys. G",
    year            = "2005",
    volume          = "31",
    doi             = "10.1088/0954-3899/31/9/N01",
}

@article{sm-htt-2017,
    author          = "The CMS Collaboration",
    title           = "Observation of the SM scalar boson decaying to a pair of $\tau$ leptons with the CMS experiment at the LHC",
    journal         = "Physics Letters B",
    year            = "2017",
    volume          = "779",
    doi             = "10.1016/j.physletb.2018.02.004",
}

@techreport{CMS-Proposal,
    author  = "CMS collaboration",
    title   = "The Compact Muon Solenoid technical proposal",
    url     = "http://cdsweb.cern.ch/record/290969",
    reportNumber = "CERN-LHCC-94-38",
    year    = "2008",
    institution = "CMS",
}
    
@techreport{Elvira:800406,
      author        = "Elvira, Victor Daniel",
      title         = "{Measurement of the Pion Energy Response and Resolution in
                       the CMS HCAL Test Beam 2002 Experiment}",
      institution   = "CERN",
      address       = "Geneva",
      number        = "CMS-NOTE-2004-020",
      month         = "Sep",
      year          = "2004",
      reportNumber  = "CMS-NOTE-2004-020",
      url           = "http://cds.cern.ch/record/800406",
}

@techreport{Baiatian:951395,
    title         = "{Design, Performance and Calibration of the CMS Forward
        Calorimeter Wedges}",
    institution   = "CERN",
    author         = "CMS-HCAL Collaboration",
    address       = "Geneva",
    number        = "CMS-NOTE-2006-044",
    month         = "Feb",
    year          = "2006",
    reportNumber  = "CMS-NOTE-2006-044",
    url           = "https://cds.cern.ch/record/951395",
}

@article{1748-0221-8-03-T03001,
  author={M S Kim},
  title={CMS reconstruction improvement for the muon tracking by the RPC chambers},
  journal={Journal of Instrumentation},
  volume={8},
  number={03},
  pages={T03001},
  url={http://stacks.iop.org/1748-0221/8/i=03/a=T03001},
  year={2013},
}

@article{dafinei_auffray_lecoq_schneegans_1994, 
    title={Lead Tungstate For High Energy Calorimetry},
    volume={348}, 
    DOI={10.1557/PROC-348-99},
    journal={MRS Proceedings}, 
    publisher={Cambridge University Press}, 
    author={Dafinei, I. and Auffray, E. and Lecoq, P. and Schneegans, M.}, 
    year={1994}, 
    pages={99}
} 

@article{cms-2016-hzz,
    title   = "Measurements of properties of the Higgs boson decaying into the four-lepton final state in pp collisions at sqrt 13 TeV",
    collaboration = "The CMS collaboration",
    author  = "A.M. Sirunyan, A. Tumasyan",
    journal = "J. High Energ. Phys.",
    year = "2017",
    volume = "47",
    doi = "https://doi.org/10.1007/JHEP11(2017)047"
}

@article{rpc_dev,
    author  = "R. Santonico and R. Cardarelli",
    journal = "Nucl. Instrum. Meth.",
    volume  = "187",
    year    = "1981",
    doi     = "https://doi.org/10.1016/0029-554X(81)90363-3",
}

@article{cms_csc_gas,
author  = "The CMS collaboration",
title   = "Effect of Gas Composition on the Performance of Cathode Strip Chambers for the CMS Endcap Muon System",
reportNumber   = "CMS-NOTE-2004-033",
year    = "2004",
}

@article{Cadamuro:2017slr,
      author         = "Cadamuro, L.",
      title          = "{The CMS Level-1 trigger system for LHC Run II}",
      booktitle      = "{Proceedings, 14th Topical Seminar on Innovative Particle
                        and Radiation Detectors (IPRD16): Siena, Italy, October
                        3-6, 2016}",
      collaboration  = "CMS",
      journal        = "JINST",
      volume         = "12",
      year           = "2017",
      number         = "03",
      pages          = "C03021",
      doi            = "10.1088/1748-0221/12/03/C03021",
      SLACcitation   = "%%CITATION = JINST,12,C03021;%%"
}

@INPROCEEDINGS{cms_daq_7097437,
author={T. Bawej et al.},
booktitle={2014 19th IEEE-NPSS Real Time Conference},
title={The new CMS DAQ system for run-2 of the LHC},
year={2014},
volume={},
number={},
pages={1-1},
doi={10.1109/RTC.2014.7097437},
ISSN={},
month={May},}

@article{Evans:2008zzb,
      author         = "Evans, Lyndon and Bryant, Philip",
      title          = "{LHC Machine}",
      journal        = "JINST",
      volume         = "3",
      year           = "2008",
      pages          = "S08001",
      doi            = "10.1088/1748-0221/3/08/S08001",
      SLACcitation   = "%%CITATION = JINST,3,S08001;%%"
}

@book{Voss:2009zz,
      editor         = "Voss, Rudiger and Breskin, Amos",
      title          = "{The CERN Large Hadron Collider, accelerator and
                        experiments}",
      url            = "http://www-spires.fnal.gov/spires/find/books/www?cl=QC787.P73C37::2009",
      year           = "2009",
      SLACcitation   = "%%CITATION = INSPIRE-873568;%%"
}

@proceedings{lhc_magnets,
    title   = "The LHC Superconducting Magnets",
    year    = "2003",
    conference  = "Particle Accelerator Conference",
    author  = "L. Rossi",
    url     = "accelconf.web.cern.ch/accelconf/p03/papers/toab001.pdf",
}

@ARTICLE{1018583,
    author={J. D. Adam et al.},
    journal={IEEE Transactions on Applied Superconductivity},
    title={Status of the LHC superconducting cable mass production},
    year={2002},
    volume={12},
    number={1},
    pages={1056-1062},
    doi={10.1109/TASC.2002.1018583},
    ISSN={1051-8223},
    month={Mar},
}

@article{Benedikt:2004wm,
      author         = "Benedikt, M. and Collier, P. and Mertens, V. and Poole,
                        J. and Schindl, K.",
      title          = "{LHC Design Report. 3. The LHC injector chain}",
      year           = "2004",
      reportNumber   = "CERN-2004-003-V-3, CERN-2004-003",
      SLACcitation   = "%%CITATION = CERN-2004-003-V-3;%%"
}

@article{1748-0221-8-09-P09009,
  author={},
  title={Energy calibration and resolution of the CMS electromagnetic calorimeter in pp collisions at √ s = 7 TeV},
  journal={Journal of Instrumentation},
  volume={8},
  number={09},
  pages={P09009},
  url={http://stacks.iop.org/1748-0221/8/i=09/a=P09009},
  year={2013},
}

@article{Breidenbach:1969kd,
      author         = "Breidenbach, Martin and Friedman, Jerome I. and Kendall,
                        Henry W. and Bloom, Elliott D. and Coward, D. H. and
                        DeStaebler, H. C. and Drees, J. and Mo, Luke W. and
                        Taylor, Richard E.",
      title          = "{Observed Behavior of Highly Inelastic electron-Proton
                        Scattering}",
      journal        = "Phys. Rev. Lett.",
      volume         = "23",
      year           = "1969",
      pages          = "935-939",
      doi            = "10.1103/PhysRevLett.23.935",
      reportNumber   = "SLAC-PUB-0650",
      SLACcitation   = "%%CITATION = PRLTA,23,935;%%"
}

@article{PhysRevLett.23.930,
    title = {High-Energy Inelastic $e\ensuremath{-}p$ Scattering at 6 degrees and 10 degrees},
    author = {Bloom, E. D. and Coward, D. H. and DeStaebler, H. and Drees, J. and Miller, G. and Mo, L. W. and Taylor, R. E. and Breidenbach, M. and Friedman, J. I. and Hartmann, G. C. and Kendall, H. W.},
    journal = {Phys. Rev. Lett.},
    volume = {23},
    issue = {16},
    pages = {930--934},
    numpages = {0},
    year = {1969},
    month = {Oct},
    publisher = {American Physical Society},
    doi = {10.1103/PhysRevLett.23.930},
    url = {https://link.aps.org/doi/10.1103/PhysRevLett.23.930}
}

@article{Ball:2014uwa,
      author         = "Ball, Richard D. and others",
      title          = "{Parton distributions for the LHC Run II}",
      collaboration  = "NNPDF",
      journal        = "JHEP",
      volume         = "04",
      year           = "2015",
      pages          = "040",
      doi            = "10.1007/JHEP04(2015)040",
      eprint         = "1410.8849",
      archivePrefix  = "arXiv",
      primaryClass   = "hep-ph",
      reportNumber   = "EDINBURGH-2014-15, IFUM-1034-FT, CERN-PH-TH-2013-253,
                        OUTP-14-11P, CAVENDISH-HEP-14-11",
      SLACcitation   = "%%CITATION = ARXIV:1410.8849;%%"
}

@article{Field:cdf2008,
    author  = "Field, Rick",
    collaboration   = "CDF",
    year    = "2008",
    title   = "The Underlying Event in Hard Scattering Processes",
    reportNumber    = "UFIFT-HEP-01-19",
    url = "https://arxiv.org/abs/hep-ph/0201192",
}

@proceedings{geant4_cms_2017,
    title   = "Validation of Physics Models of Geant4 using Data from CMS Experiment",
    author  = "Sunanda Banerjee",
    collaboration = "CMS",
    year    = "2017",
    journal = "J. Phys.: Conf. Ser.",
    series  = "898",
    number = "042005",
    url     = "iopscience.iop.org/article/10.1088/1742-6596/898/4/042005/pdf",
}

@article{PhysRevD.94.074005,
    title = {Automated parton-shower variations in pythia 8},
    author = {Mrenna, S. and Skands, P.},
    journal = {Phys. Rev. D},
    volume = {94},
    issue = {7},
    pages = {074005},
    numpages = {14},
    year = {2016},
    month = {Oct},
    publisher = {American Physical Society},
    doi = {10.1103/PhysRevD.94.074005},
    url = {https://link.aps.org/doi/10.1103/PhysRevD.94.074005}
}

@inproceedings{Hoche:2014rga,
      author         = "Höche, Stefan",
      title          = "{Introduction to parton-shower event generators}",
      booktitle      = "{Proceedings, Theoretical Advanced Study Institute in
                        Elementary Particle Physics: Journeys Through the
                        Precision Frontier: Amplitudes for Colliders (TASI 2014):
                        Boulder, Colorado, June 2-27, 2014}",
      year           = "2015",
      url            = "http://inspirehep.net/record/1328513/files/arXiv:1411.4085.pdf",
      pages          = "235-295",
      doi            = "10.1142/9789814678766_0005",
      eprint         = "1411.4085",
      archivePrefix  = "arXiv",
      primaryClass   = "hep-ph",
      reportNumber   = "SLAC-PUB-16160",
      SLACcitation   = "%%CITATION = ARXIV:1411.4085;%%"
}

@article{Bali:1992ab,
      author         = "Bali, G. S. and Schilling, K.",
      title          = "{Static quark - anti-quark potential: Scaling behavior
                        and finite size effects in SU(3) lattice gauge theory}",
      journal        = "Phys. Rev.",
      volume         = "D46",
      year           = "1992",
      pages          = "2636-2646",
      doi            = "10.1103/PhysRevD.46.2636",
      reportNumber   = "WUB-92-02",
      SLACcitation   = "%%CITATION = PHRVA,D46,2636;%%"
}

@article{Gleisberg:2008ta,
      author         = "Gleisberg, T. and Hoeche, Stefan. and Krauss, F. and
                        Schonherr, M. and Schumann, S. and Siegert, F. and Winter,
                        J.",
      title          = "{Event generation with SHERPA 1.1}",
      journal        = "JHEP",
      volume         = "02",
      year           = "2009",
      pages          = "007",
      doi            = "10.1088/1126-6708/2009/02/007",
      eprint         = "0811.4622",
      archivePrefix  = "arXiv",
      primaryClass   = "hep-ph",
      reportNumber   = "FERMILAB-PUB-08-477-T, SLAC-PUB-13420, ZU-TH-17-08,
                        DCPT-08-138, IPPP-08-69, EDINBURGH-2008-30, MCNET-08-14",
      SLACcitation   = "%%CITATION = ARXIV:0811.4622;%%"
}

@article{ILTEN201477,
    title = "Tau Decays in Pythia 8",
    journal = "Nuclear Physics B - Proceedings Supplements",
    volume = "253-255",
    pages = "77 - 80",
    year = "2014",
    note = "The Twelfth International Workshop on Tau-Lepton Physics (TAU2012)",
    issn = "0920-5632",
    doi = "https://doi.org/10.1016/j.nuclphysbps.2014.09.019",
    url = "http://www.sciencedirect.com/science/article/pii/S0920563214001509",
    author = "Philip Ilten",
    keywords = "Monte Carlo, tau decays, polarization, hadronic currents"
}

@article{Christensen:2008py,
      author         = "Christensen, Neil D. and Duhr, Claude",
      title          = "{FeynRules - Feynman rules made easy}",
      journal        = "Comput. Phys. Commun.",
      volume         = "180",
      year           = "2009",
      pages          = "1614-1641",
      doi            = "10.1016/j.cpc.2009.02.018",
      eprint         = "0806.4194",
      archivePrefix  = "arXiv",
      primaryClass   = "hep-ph",
      reportNumber   = "MSUHEP-080616, CP3-08-20",
      SLACcitation   = "%%CITATION = ARXIV:0806.4194;%%"
}

@article{Alloul:2013bka,
      author         = "Alloul, Adam and Christensen, Neil D. and Degrande,
                        Céline and Duhr, Claude and Fuks, Benjamin",
      title          = "{FeynRules  2.0 - A complete toolbox for tree-level
                        phenomenology}",
      journal        = "Comput. Phys. Commun.",
      volume         = "185",
      year           = "2014",
      pages          = "2250-2300",
      doi            = "10.1016/j.cpc.2014.04.012",
      eprint         = "1310.1921",
      archivePrefix  = "arXiv",
      primaryClass   = "hep-ph",
      reportNumber   = "CERN-PH-TH-2013-239, MCNET-13-14, IPPP-13-71,
                        DCPT-13-142, --PITT-PACC-1308",
      SLACcitation   = "%%CITATION = ARXIV:1310.1921;%%"
}

@article{CMS:2016kkf,
      author         = "CMS Collaboration",
      title          = "{Identification of b quark jets at the CMS Experiment in
                        the LHC Run 2}",
      collaboration  = "CMS",
      year           = "2016",
      reportNumber   = "CMS-PAS-BTV-15-001",
      SLACcitation   = "%%CITATION = CMS-PAS-BTV-15-001;%%"
}

@article{cms_13TeV_htt_jhep_2017,
    title = "Observation of the Higgs boson decay to a pair of τ leptons with the CMS detector",
    journal = "Physics Letters B",
    volume = "779",
    pages = "283 - 316",
    year = "2018",
    issn = "0370-2693",
    doi = "10.1016/j.physletb.2018.02.004",
    url = "http://www.sciencedirect.com/science/article/pii/S0370269318301035",
    keywords = "CMS, Physics, Tau, Higgs, Observation, LHC"
}

@article{Campbell:2010ff,
      author         = "Campbell, John M. and Ellis, R. K.",
      title          = "{MCFM for the Tevatron and the LHC}",
      booktitle      = "{Proceedings,  10th DESY Workshop on Elementary Particle
                        Theory: Loops and Legs in Quantum Field Theory: Woerlitz,
                        Germany, April 25-30, 2010}",
      journal        = "Nucl. Phys. Proc. Suppl.",
      volume         = "205-206",
      year           = "2010",
      pages          = "10",
      doi            = "10.1016/j.nuclphysbps.2010.08.011",
      eprint         = "1007.3492",
      archivePrefix  = "arXiv",
      primaryClass   = "hep-ph",
      reportNumber   = "FERMILAB-CONF-10-244-T",
      SLACcitation   = "%%CITATION = ARXIV:1007.3492;%%"
}

@article{Sirunyan:2018qio,
      author         = "Sirunyan, Albert M and others",
      title          = "{Measurement of the $\mathrm{Z}\gamma^{*} \to \tau\tau$
                        cross section in pp collisions at $\sqrt{s} = $ 13 TeV and
                        validation of $\tau$ lepton analysis techniques}",
      collaboration  = "CMS",
      year           = "2018",
      eprint         = "1801.03535",
      archivePrefix  = "arXiv",
      primaryClass   = "hep-ex",
      reportNumber   = "CMS-HIG-15-007, CERN-EP-2017-307",
      SLACcitation   = "%%CITATION = ARXIV:1801.03535;%%"
}

@article{PhysRevLett.33.1404,
      title = {Experimental Observation of a Heavy Particle $J$},
      author = {Aubert, J. J. et al.},
      journal = {Phys. Rev. Lett.},
      volume = {33},
      issue = {23},
      pages = {1404--1406},
      numpages = {0},
      year = {1974},
      month = {Dec},
      publisher = {American Physical Society},
      doi = {10.1103/PhysRevLett.33.1404},
      url = {https://link.aps.org/doi/10.1103/PhysRevLett.33.1404}
}

@article{PhysRevLett.33.1406,
      title = {Discovery of a Narrow Resonance in ${e}^{+}{e}^{\ensuremath{-}}$ Annihilation},
      author = {Augustin, J. -E. et al.},
      journal = {Phys. Rev. Lett.},
      volume = {33},
      issue = {23},
      pages = {1406--1408},
      numpages = {0},
      year = {1974},
      month = {Dec},
      publisher = {American Physical Society},
      doi = {10.1103/PhysRevLett.33.1406},
      url = {https://link.aps.org/doi/10.1103/PhysRevLett.33.1406}
}

@article{PhysRevLett.35.1489,
      title = {Evidence for Anomalous Lepton Production in ${e}^{+}\ensuremath{-}{e}^{\ensuremath{-}}$ Annihilation},
      author = {Perl, M. L. et al.},
      journal = {Phys. Rev. Lett.},
      volume = {35},
      issue = {22},
      pages = {1489--1492},
      numpages = {0},
      year = {1975},
      month = {Dec},
      publisher = {American Physical Society},
      doi = {10.1103/PhysRevLett.35.1489},
      url = {https://link.aps.org/doi/10.1103/PhysRevLett.35.1489}
}

@article{PhysRevLett.39.252,
      title = {Observation of a Dimuon Resonance at 9.5 GeV in 400-GeV Proton-Nucleus Collisions},
      author = {Herb, S. W. et al.},
      journal = {Phys. Rev. Lett.},
      volume = {39},
      issue = {5},
      pages = {252--255},
      numpages = {0},
      year = {1977},
      month = {Aug},
      publisher = {American Physical Society},
      doi = {10.1103/PhysRevLett.39.252},
      url = {https://link.aps.org/doi/10.1103/PhysRevLett.39.252}
}

@article{PhysRevLett.74.2626,
  title = {Observation of Top Quark Production in $\overline{\mathit{p}}\mathit{p}$ Collisions with the Collider Detector at Fermilab},
  author = {Abe, F. et al.},
  collaboration = {CDF Collaboration},
  journal = {Phys. Rev. Lett.},
  volume = {74},
  issue = {14},
  pages = {2626--2631},
  numpages = {0},
  year = {1995},
  month = {Apr},
  publisher = {American Physical Society},
  doi = {10.1103/PhysRevLett.74.2626},
  url = {https://link.aps.org/doi/10.1103/PhysRevLett.74.2626}
}

@article{PhysRevLett.74.2632,
  title = {Observation of the Top Quark},
  author = {Abachi, S. et al.},
  collaboration = {D0 Collaboration},
  journal = {Phys. Rev. Lett.},
  volume = {74},
  issue = {14},
  pages = {2632--2637},
  numpages = {0},
  year = {1995},
  month = {Apr},
  publisher = {American Physical Society},
  doi = {10.1103/PhysRevLett.74.2632},
  url = {https://link.aps.org/doi/10.1103/PhysRevLett.74.2632}
}

@article{PhysRevLett.43.830,
  title = {Discovery of Three-Jet Events and a Test of Quantum Chromodynamics at PETRA},
  author = {Barber, D. P. et al.},
  journal = {Phys. Rev. Lett.},
  volume = {43},
  issue = {12},
  pages = {830--833},
  numpages = {0},
  year = {1979},
  month = {Sep},
  publisher = {American Physical Society},
  doi = {10.1103/PhysRevLett.43.830},
  url = {https://link.aps.org/doi/10.1103/PhysRevLett.43.830}
}


@article{AUBERT1983275,
    title = "The ratio of the nucleon structure functions F2N for iron and deuterium",
    journal = "Physics Letters B",
    volume = "123",
    number = "3",
    pages = "275 - 278",
    year = "1983",
    issn = "0370-2693",
    doi = "https://doi.org/10.1016/0370-2693(83)90437-9",
    url = "http://www.sciencedirect.com/science/article/pii/0370269383904379",
    author = "J.J. Aubert et al."
}

@article{1983398,
    title = "Experimental observation of lepton pairs of invariant mass around 95 GeV/c2 at the CERN SPS collider",
    journal = "Physics Letters B",
    volume = "126",
    number = "5",
    pages = "398 - 410",
    year = "1983",
    issn = "0370-2693",
    doi = "https://doi.org/10.1016/0370-2693(83)90188-0",
    url = "http://www.sciencedirect.com/science/article/pii/0370269383901880",
    author = "G. Arnison et al."
}

@article{HIG-18-007,
    title = "Search for the standard model Higgs boson decaying to a pair of $\tau$ leptons produced in association with a W or a Z boson",
    year = "2018",
}

@article{pw_anderson:1972,
    author = "P. W. Anderson",
    title = "More Is Different",
    journal = "Science",
    year = "1972",
    pages = "393-396",
    volume = "177",
    issue = "4047",
    doi = "10.1126/science.177.4047.393",
}

@article{PhysRev.127.965,
      title = {Broken Symmetries},
      author = {Goldstone, Jeffrey and Salam, Abdus and Weinberg, Steven},
      journal = {Phys. Rev.},
      volume = {127},
      issue = {3},
      pages = {965--970},
      numpages = {0},
      year = {1962},
      month = {Aug},
      publisher = {American Physical Society},
      doi = {10.1103/PhysRev.127.965},
      url = {https://link.aps.org/doi/10.1103/PhysRev.127.965}
}

@article{ELLIS1976292,
      title = "A phenomenological profile of the Higgs boson",
      journal = "Nuclear Physics B",
      volume = "106",
      pages = "292 - 340",
      year = "1976",
      issn = "0550-3213",
      doi = "https://doi.org/10.1016/0550-3213(76)90382-5",
      url = "http://www.sciencedirect.com/science/article/pii/0550321376903825",
      author = "John Ellis and Mary K. Gaillard and D.V. Nanopoulos"
}

@article{Shifman:1979eb,
      author         = "Shifman, Mikhail A. and Vainshtein, A. I. and Voloshin,
                        M. B. and Zakharov, Valentin I.",
      title          = "{Low-Energy Theorems for Higgs Boson Couplings to
                        Photons}",
      journal        = "Sov. J. Nucl. Phys.",
      volume         = "30",
      year           = "1979",
      pages          = "711-716",
      note           = "[Yad. Fiz.30,1368(1979)]",
      reportNumber   = "ITEP-42-1979, ITEP-42",
      SLACcitation   = "%%CITATION = SJNCA,30,711;%%"
}

@article{PhysRevD.70.113009,
      title = {Extracting Higgs boson couplings from CERN LHC data},
      author = {Duhrssen, M. and Heinemeyer, S. and Logan, H. and Rainwater, D. and Weiglein, G. and Zeppenfeld, D.},
      journal = {Phys. Rev. D},
      volume = {70},
      issue = {11},
      pages = {113009},
      numpages = {11},
      year = {2004},
      month = {Dec},
      publisher = {American Physical Society},
      doi = {10.1103/PhysRevD.70.113009},
      url = {https://link.aps.org/doi/10.1103/PhysRevD.70.113009}
}

@article{Tackmann:2138079,
      author        = "Tackmann, Frank and Tackmann, Kerstin and Tackmann,
                       Kerstin and Duehrssen-Debling, Michael and Francavilla,
                       Paolo",
      title         = "{Simplified template cross sections}",
      month         = "Mar",
      year          = "2016",
      reportNumber  = "LHCHXSWG-DRAFT-INT-2016-006",
      url           = "https://cds.cern.ch/record/2138079",
}

@ARTICLE{7372416-ieee-dipole,
      author={A. Verweij et al.},
      journal={IEEE Transactions on Applied Superconductivity},
      title={Retraining of the 1232 Main Dipole Magnets in the LHC},
      year={2016},
      volume={26},
      number={4},
      pages={1-1},
      doi={10.1109/TASC.2016.2514598},
      ISSN={1051-8223},
      month={June},
}

@article{1748-0221-5-03-T03022,
      author={CMS Collaboration},
      title={Performance of CMS muon reconstruction in cosmic-ray events},
      journal={Journal of Instrumentation},
      volume={5},
      number={03},
      pages={T03022},
      url={http://stacks.iop.org/1748-0221/5/i=03/a=T03022},
      year={2010},
}

@article{Anastasiou:2016cez,
      author         = "Anastasiou, Charalampos and Duhr, Claude and Dulat, Falko
                        and Furlan, Elisabetta and Gehrmann, Thomas and Herzog,
                        Franz and Lazopoulos, Achilleas and Mistlberger, Bernhard",
      title          = "{High precision determination of the gluon fusion Higgs
                        boson cross-section at the LHC}",
      journal        = "JHEP",
      volume         = "05",
      year           = "2016",
      pages          = "058",
      doi            = "10.1007/JHEP05(2016)058",
      eprint         = "1602.00695",
      archivePrefix  = "arXiv",
      primaryClass   = "hep-ph",
      reportNumber   = "CP3-16-01, ZU-TH-27-15, NIKHEF-2016-004,
                        CERN-TH-2016-006",
      SLACcitation   = "%%CITATION = ARXIV:1602.00695;%%"
}	
